4792 6150
1858 519 2055 625 u,

302 731 303 736 λ
353 765 475 857 ltaque
500 759 637 832 ἆλιιν-
652 727 858 854 ολωνιλθροον
879 762 958 853 γόον
980 757 1121 848 ὀξυβόαν
1140 758 1236 831 advos
1255 761 1418 846 μετοίκιον
1442 764 1512 837 hoc
1537 724 1645 840 sensu
1672 767 1807 844 dictum
1833 781 1907 845 est:

222 898 612 986 audiensacutum
647 900 758 970 hunc
791 901 1023 970 clamorem
1058 892 1365 990 inquilinarum
1399 899 1556 991 avium,
1588 903 1619 974 'i.
1646 925 1677 976 e.
1712 907 1906 1003 vulturum,

129 1005 134 1010 ι
227 1035 352 1128 quibus
378 1035 462 1138 pulli
488 1023 603 1130 erepti
628 1042 721 1106 sunt.
780 1033 955 1105 Dicuntur
986 1017 1085 1104 enim
1107 1034 1265 1105 vultures
1291 1033 1441 1119 μέτοικοι
1462 1042 1523 1106 ταῦ
1543 1024 1686 1130 οὐρανοῦ
1714 1041 1907 1132 (vocabulo

226 1171 321 1245 eninr
347 1171 477 1254 ὕπατος
502 1171 652 1242 subesse
678 1171 769 1242 coeli
795 1171 979 1240 notionem
1011 1171 1143 1263 patet),
1163 1167 1377 1261 'inquilini
1411 1171 1538 1260 coeli„
1572 1176 1668 1268 quod
1698 1177 1734 1247 in
1760 1178 1906 1250 aethere

224 1309 450 1406 potissimum
477 1313 668 1378 versanurr
694 1311 729 1374 et
755 1303 914 1420 similiter
938 1303 976 1374 in
1002 1305 1110 1376 tutela
1135 1301 1283 1376 deorum
1303 1311 1482 1404 putantur
1507 1329 1589 1380 esse
1612 1315 1717 1403 atque
1740 1313 1905 1385 homines

224 1447 261 1516 in
287 1447 397 1516 tutela
423 1445 497 1514 sint
522 1443 598 1514 eius
630 1429 800 1525 civitatis
836 1439 937 1510 cuius
964 1441 1115 1526 μέτοικοι
1146 1460 1228 1510 esse
1259 1425 1436 1514 dicimurr.
1490 1442 1560 1518 Cir.
1585 1441 1692 1538 soph.
1718 1443 1805 1520 Ocd
1830 1449 1906 1520 Col.
1943 1433 1945 1438 ¹

225 1545 299 1652 934
323 1579 353 1650 ιλ
379 1580 605 1670 μὴμέτοικος
631 1580 728 1666 rugos
753 1581 811 1666 τῆς
837 1572 947 1666 χώρας
972 1577 1087 1657 θέλεις
1113 1569 1198 1644 εἶναι
1224 1573 1284 1666 βίᾳ
1305 1602 1341 1644 ιι
1363 1573 1442 1661 κούχ
1465 1575 1548 1646 ἑκών
1568 1585 1607 1665 ot¹
1631 1579 1676 1650 de
1701 1580 1772 1652 hoo
1796 1584 1906 1674 signi-

224 1717 331 1821 ficatu
356 1713 521 1786 vocabuli
546 1713 701 1799 μέτοικος
722 1709 891 1783 Valcken.
912 1710 957 1782 ad
974 1709 1141 1782 Ammon.
1161 1731 1194 1802 p.
1219 1682 1293 1779 ilo
1309 1716 1345 1782 et
1362 1709 1468 1784 Wolf.
1488 1715 1534 1786 ad
1552 1713 1785 1788 Demosthen.
1804 1714 1903 1811 Lept

223 1875 256 1950 p.
281 1839 409 1922 LXVII
431 1867 516 1940 sqq,-
563 1844 703 1917 Deinde
734 1851 830 1918 recte
861 1845 1004 1939 quidem
1036 1845 1221 1918 admonuit
1251 1843 1494 1934 Hcrmannm,
1529 1855 1722 1940 παραβᾶσιν
1752 1871 1827 1922 non
1859 1851 1906 1922 ad

224 1988 372 2070 bestiae,
405 2003 497 2077 quae
527 1983 643 2076 pullos
668 1980 890 2072 abstulerint,
924 1979 992 2053 sed
1017 1981 1063 2052 ad
1094 1981 1258 2052 homiues
1289 1981 1415 2054 referri
1443 1983 1588 2076 debere,
1620 1994 1672 2074 ιι,
1706 1988 1801 2078 quod
1827 1987 1907 2080 ipse

224 2111 390 2206 censuit‚'
412 2119 457 2188 ad
483 2116 661 2188 Troianos
693 2115 728 2186 id
761 2123 939 2211 spectare,
973 2119 1031 2210 qui
1057 2115 1231 2188 Helenam
1264 2120 1445 2212 rapuerint
1477 2121 1611 2192 violato
1643 2123 1722 2192 iure
1752 2123 1905 2220 hospitii,

222 2255 363 2352 probari
394 2270 469 2324 non
500 2269 627 2346 posse,
662 2250 743 2322 inde
772 2259 934 2347 apparet,
965 2253 1062 2346 qnod
1094 2259 1218 2345 poeta,
1252 2270 1335 2322 curn
1361 2275 1396 2326 v.
1420 2251 1470 2324 60
1496 2255 1549 2326 sic
1579 2259 1720 2348 pergat,
1755 2253 1842 2325 οὕτω
1871 2251 1908 2325 o’

226 2390 372 2483 Ἀτρέως
392 2391 519 2470 παῖδας
542 2385 561 2457 ὅ
583 2385 743 2478 κρείσσων
765 2383 822 2456 ἐπ’
849 2384 1057 2478 Ἀλεξάνδρῳ
1079 2389 1209 2473 πέμπει
1234 2394 1319 2477 etc,
1344 2390 1536 2462 luculenter
1562 2389 1733 2479 ostendit,
1759 2409 1800 2462 se
1825 2409 1908 2462 ver·

222 2527 274 2598 bis
294 2501 460 2619 proxime
477 2519 784 2616 praecedentibus,
807 2541 842 2593 v.
863 2518 1026 2594 50-59
1045 2517 1109 2590 οἵτ’
1124 2521 1307 2604 -ικτιαιλοις
1318 2519 1511 2614 -Ἰιριιιιν,
1537 2525 1583 2596 de
1600 2524 1687 2596 solis
1704 2525 1905 2598 vulturibus

220 2663 377 2734 locutum
408 2677 501 2730 csse.
561 2653 685 2749 Itaque
714 2661 828 2763 patet,
863 2651 1073 2746 παραβάντες
1104 2655 1173 2728 dici
1203 2659 1365 2730 homines
1399 2660 1495 2750 illue,
1528 2661 1588 2754 qui
1613 2661 1775 2732 vultures
1800 2663 1904 2755 polus

204 2791 423 2890 spoliarint,
459 2790 603 2884 ἀγρότας
628 2794 744 2866 dictos
771 2791 813 2863 ab
840 2790 1003 2864 Homero
1027 2789 1094 2864 Od.
1118 2785 1216 2880 XVI,
1238 2791 1315 2864 216
1334 2813 1402 2888 sq.:
1437 2765 1554 2868 κλαῖον
1570 2798 1608 2868 δὲ
1626 2797 1757 2886 λιγέως,
1781 2793 1906 2866 tesval

219 2945 315 3015 ιιρον
336 2917 398 3013 ἢν
399 2917 561 3003 οἶιινολ,
584 2917 731 3015 φῆναι’
708 2949 732 3014 νγ
752 2919 904 3011 αἰγυπιοὶ
925 2917 1160 3012 pulcronium,
1185 2915 1290 2993 ολολιι
1307 2923 1405 2992 rava
1422 2919 1564 3014 ἀγρόται
1586 2911 1766 3008 egedam,
1791 2923 1903 3017 πάρος

221 3041 364 3134 πετεηνὰ
385 3043 552 3142 γενέσθαι.
1743 3075 1745 3083 ,
1928 3034 1933 3042 ’

813 3135 816 3143 ¹
956 3176 996 3244 V.
1020 3175 1086 3245 1⁰4
1109 3195 1163 3263 sq.

597 3325 710 3422 κύριός
732 3324 800 3432 ειμι
820 3331 939 3417 θροεῖν
960 3325 1053 3397 ὅδιον
1073 3324 1327 3419 κράνοςαῖσιον
1349 3323 1477 3421 ἆνδριῖν

598 3447 763 3518 ἐπιλύων.

344 3609 423 3681 iure
440 3626 480 3682 se
497 3629 607 3705 posse
625 3629 707 3680 eum
730 3607 864 3678 choms
886 3571 973 3677 dicit
996 3625 1281 3678 commemorare
1305 3605 1398 3676 ὅδιον
1419 3605 1641 3701 repulsorem,
1666 3609 1736 3681 hoe
1759 3609 1921 3720 videtur¹

219 3743 433 3836 significare⁷
467 3745 540 3816 suis
575 3746 687 3840 ipsius
724 3741 836 3814 oculis
873 3761 914 3812 se
948 3739 1082 3812 vidisse
1113 3740 1207 3816 ὅδιον
1232 3739 1355 3830 κράτος
1387 3749 1452 3814 etc.
1514 3741 1653 3814 Deinde
1683 3743 1738 3814 his
1769 3745 1903 3838 vernis,

218 3880 311 3950 ὅδιον
341 3879 461 3988 aprinos
499 3879 609 3951 αἴσιον
644 3877 772 3970 ἀνδρῶν
808 3878 965 3950 teritur
997 3897 1071 3948 non
1106 3875 1339 3968 significatur,
1380 3877 1476 3970 quod
1509 3876 1718 3951 Schuetzius
1753 3865 1903 3974 pulavit,

99 4083 104 4092 ,
184 3988 407 4086 'faustum
450 4017 694 4112 principum
730 4012 782 4084 ad
816 4013 971 4083 bellum
1014 4013 1398 4106 proficiscentium
1439 4011 1587 4105 robur,
1629 4035 1763 4107 neque,
1804 4015 1902 4108 quod

218 4147 406 4239 Franzius‚
447 4152 642 4222 faustum·
672 4150 755 4230 iter
789 4147 1032 4242 principum
1068 4149 1216 4220 fausto
1253 4147 1395 4220 omine
1430 4147 1709 4242 affectorum,
1748 4148 1830 4240 sed,
1864 4147 1902 4222 id

217 4284 313 4376 quod
337 4287 494 4358 tenuisse
522 4249 669 4356 multum
696 4283 860 4378 profecto
887 4283 1014 4374 refert,
1049 4283 1195 4354 fausta
1226 4289 1424 4378 potestas
1456 4277 1614 4354 ominis
1644 4283 1794 4376 viatici
1826 4287 1903 4356 du-

219 4439 326 4508 cum,
360 4421 397 4492 id
429 4429 486 4492 est
517 4383 664 4492 fausta
696 4421 771 4490 illa
798 4419 1001 4507 (victoriam
1028 4419 1265 4512 portendens)
1301 4425 1497 4512 potestas
1530 4418 1608 4490 sive
1640 4420 1708 4488 vis
1739 4421 1901 4492 ominis

218 4559 315 4624 ante
349 4556 490 4649 ipsum
525 4555 774 4628 discessum
811 4551 991 4624 ducibus
1030 4553 1181 4626 oblati.
1241 4549 1349 4640 Quod
1381 4553 1478 4636 enirn
1510 4573 1618 4648 supra
1650 4552 1736 4624 dixit
1769 4555 1900 4626 chorus

216 4707 249 4759 v.
270 4685 321 4757 60
338 4705 407 4782 sq⁸⁷
433 4711 454 4762 a
478 4689 566 4762 love
588 4691 720 4761 missos
744 4686 888 4758 Atridas
913 4707 995 4760 esse
1019 4688 1192 4761 adversm
1215 4688 1395 4780 Ριιίιιιιιι,
1421 4687 1494 4758 id
1483 4707 1602 4783 ipsum
1629 4655 1727 4758 runc
1750 4689 1903 4785 οιιριίιιι

215 4825 280 4912 ιιι,
317 4829 356 4894 ut
387 4827 536 4916 augurio
566 4825 643 4917 illc,
678 4823 722 4896 de
753 4843 824 4916 quo
859 4825 1032 4917 loquitur,
1064 4825 1188 4920 aquilis
1221 4823 1306 4912 iilis,
1340 4844 1431 4916 quae
1456 4803 1493 4894 in
1520 4827 1665 4900 acciso
1690 4831 1815 4898 munte
1841 4847 1904 4920 ap

215 4959 397 5054 paruerint
430 4961 599 5034 exercitui
634 4959 858 5054 profecturo,
894 4957 1126 5066 significatam
1161 4975 1242 5032 esse
1278 4961 1501 5032 voluntatem
1536 4959 1630 5030 illam
1665 4957 1761 5030 Iovis
1797 4959 1903 5052 dicat⁷

213 5093 359 5168 Atridas
385 5096 464 5198 iure
488 5097 617 5168 bellum
643 5095 777 5168 inferre
801 5093 917 5168 Paridi
944 5095 1178 5168 ostendentis.
