4792 6150
479 735 548 788 nec
573 725 652 788 erat
675 715 792 786 inanis
818 735 887 786 nec
913 714 982 786 dici
1009 733 1031 784 a
1059 713 1172 785 choro
1197 711 1256 784 hic
1281 713 1409 806 potuit.
1449 697 1580 785 'nimo
1605 712 1699 784 enirn
1732 711 1811 808 ipse
1835 703 2039 796 caedentis
2065 717 2186 790 verba

482 851 599 944 attulit
615 869 730 944 eaque
747 851 903 922 maxime
921 849 1126 944 perspima,
1151 847 1279 942 quibus
1297 847 1480 944 probaret,
1505 867 1654 920 manere
1671 845 1980 940 Agamemnonem
2005 871 2184 945 magnam

482 985 662 1080 quandam
689 985 942 1068 calamitatem,
967 984 1048 1057 dieo
1073 985 1163 1055 llaec
1186 1005 1222 1057 v.
1245 981 1317 1056 148
1335 1005 1427 1078 8qu
1451 981 1499 1076 μή
1515 1009 1611 1068 τινας
1633 981 1835 1070 ἀντιπνόους
1856 987 2184 1073 Δαναοῖς-οἴνοις

481 1121 678 1209 βασιλείοις.
731 1121 913 1194 Calchanti
944 1126 1062 1190 autem
1094 1084 1282 1210 sumniam
1307 1119 1457 1192 habebat
1487 1120 1593 1194 tidem
1622 1124 1783 1217 adeoque
1809 1109 1975 1197 &tremo
2000 1125 2072 1197 hoc
2099 1145 2184 1198 car·

483 1260 581 1329 mine
604 1277 640 1329 v.
664 1253 741 1328 248
768 1257 847 1350 ipse
871 1255 955 1326 nihii
981 1275 1022 1326 se
1048 1253 1210 1325 dubitare
1237 1255 1341 1340 dixit,
1374 1257 1457 1350 quin
1484 1266 1699 1330 eventurum
1727 1267 1842 1331 esset.
1877 1259 1975 1353 quod
2000 1258 2056 1332 iiie
2080 1259 2182 1330 vati·

484 1395 623 1464 einatus
647 1401 760 1478 esser,
785 1395 897 1479 τέχναι
918 1393 957 1462 δὲ
977 1391 1172 1476 Κάλχαντος
1192 1388 1254 1462 οὐκ
1275 1385 1443 1485 ἄκραντοι.
1489 1392 1601 1484 Quid,
1627 1395 1723 1488 quod
1748 1395 1844 1466 idern
1868 1389 1993 1490 aperte
2015 1394 2182 1470 ostendit

484 1529 521 1599 in
547 1551 592 1600 ea
618 1549 659 1600 se
686 1529 861 1600 sententia
886 1547 984 1612 esse,
1018 1533 1058 1596 ut
1083 1525 1391 1618 Agamemnonem
1417 1527 1581 1601 Iustitiae·
1605 1529 1694 1603 deae
1718 1551 1854 1626 poenas
1879 1537 2057 1603 mactatae
2083 1530 2182 1603 filiae

485 1664 650 1736 daturum
677 1685 759 1736 esse
785 1669 927 1758 putaret
952 1663 1017 1747 ita,
1051 1669 1091 1732 ut
1116 1662 1258 1757 penitus
1289 1685 1419 1758 sapere
1449 1665 1635 1762 inciperet,
1669 1665 1725 1736 his
1751 1667 1871 1739 verbis
1898 1689 1932 1740 v.
1955 1665 2047 1738 249:
2082 1667 2180 1736 Δίκα

486 1802 524 1870 di
545 1807 616 1882 τοῖς
636 1802 698 1887 μὲν
718 1805 892 1870 παθοῦσιν
911 1805 1038 1886 μαθεῖν
1058 1799 1248 1892 ἐπιρρέπει.
1302 1797 1413 1872 Porro
1437 1801 1531 1872 idem
1557 1821 1602 1873 eo
1627 1821 1700 1873 uno
1727 1803 1875 1876 oonsilio
1902 1803 2048 1876 eaedem
2076 1803 2179 1874 illem

485 1935 687 2028 Iphigeniae
704 1935 774 2006 hoc
791 1936 949 2006 carmine
966 1941 1039 2005 tarn
1056 1931 1252 2024 lugubriter
1270 1936 1505 2030 descripsisse
1523 1937 1663 2008 censeri
1681 1944 1817 2032 potest,
1840 1945 1880 2008 ut
1897 1937 2180 2026 demonstraret,
2212 1923 2218 1932 ’

487 2091 561 2142 non
586 2089 694 2164 posse
717 2072 943 2179 committere
966 2069 1069 2154 deos,
1096 2075 1136 2138 ut
1157 2071 1309 2141 inultum
1331 2071 1413 2142 iliud
1436 2073 1556 2144 scelus
1574 2079 1681 2146 esset.
1726 2072 1889 2167 Denique
1904 2076 2049 2166 vulgata
2066 2072 2179 2142 huius

486 2207 554 2280 ioci
590 2207 836 2300 interpretatio
871 2205 977 2276 etiam
1012 2213 1204 2299 propterea
1238 2207 1324 2280 terri
1358 2207 1422 2277 vix
1455 2209 1603 2302 poterit,
1637 2207 1735 2302 quod
1769 2209 1965 2282 secundum
1999 2210 2096 2279 illam
2133 2227 2181 2280 ea

488 2341 709 2434 seiungenda
741 2319 976 2425 suntrana,
1010 2361 1101 2434 quae
1128 2340 1271 2412 dubium
1296 2361 1369 2414 non
1397 2350 1452 2414 ost
1478 2343 1562 2436 quin
1589 2341 1791 2437 Aeschylus
1818 2345 1982 2436 coniungi
2006 2345 2180 2428 voluerit,

488 2479 575 2550 haec
600 2479 696 2568 (lieo,
723 2473 794 2547 ιἰπὸ
815 2476 1003 2569 φροντίδος.

495 2659 500 2668 ·
617 2617 751 2688 Contra
776 2637 859 2688 cum
886 2635 907 2686 e
933 2616 1041 2687 totius
1068 2616 1135 2690 ioci
1161 2635 1287 2702 sensu,
1321 2622 1397 2686 nun
1430 2615 1604 2710 imprimis
1630 2639 1651 2688 e
1676 2637 1728 2688 v.·
1741 2613 1812 2688 172
1836 2637 1907 2711 οφ,
1939 2623 2033 2708 Ζῆνα
2058 2617 2102 2688 δέ
2128 2641 2181 2698 τις

490 2747 692 2846 προφρόνως
721 2751 868 2823 ἐπινίκια
899 2751 1028 2837 κλάζων
1052 2750 1202 2834 τεύξεται
1229 2757 1360 2844 φρενῶν
1388 2753 1427 2822 τὸ
1456 2757 1539 2832 πᾶν,
1574 2753 1771 2826 incidenter
1800 2759 1963 2848 apparet,
1997 2749 2180 2825 eiusmodi

415 2943 420 2958 .
489 2891 704 2964 sententiam
729 2891 787 2961 hic
812 2911 834 2959 a
855 2889 966 2962 choro
992 2889 1146 2984 proferri
1172 2887 1353 2980 debuisse,
1378 2907 1471 2980 quae
1497 2889 1710 2962 scholiastae
1735 2890 1937 2962 continetur
1962 2889 2180 2982 interpreta-

487 3026 582 3098 tione
608 3025 692 3097 hac:
723 3025 812 3098 εἰτὸ
833 3031 892 3117 τῆς
912 3021 1135 3116 ματαιότητος
1157 3022 1289 3116 ὀφείλει
1309 3051 1360 3108 τις
1382 3020 1637 3096 ἀποτείσασθαι
1656 3031 1715 3116 τῆς
1735 3024 1880 3116 γνώμης,
1908 3025 1978 3095 Δία
1999 3024 2177 3111 νομιζέτω.

489 3161 759 3236 Restituendum
786 3161 907 3254 igitur,
932 3159 1028 3256 quod
1054 3161 1278 3233 scholiastem
1306 3160 1390 3230 olirn
1417 3161 1548 3250 legisse
1570 3162 1640 3232 iam
1660 3160 1818 3233 duratus
1842 3161 1946 3250 vidit,
1970 3183 2038 3256 pro
2064 3157 2179 3246 μάταν

488 3299 598 3390 μάτας
619 3303 678 3372 vel
701 3301 837 3394 potius,
863 3305 905 3369 ut
925 3297 1045 3370 visum
1069 3297 1175 3369 etiam
1193 3294 1411 3370 Blomtieldio
1435 3305 1509 3380 est,
1534 3304 1656 3384 ματᾶν,
1684 3298 1730 3370 de
1753 3321 1823 3394 quo
1847 3298 2024 3372 vocabulo
2047 3298 2178 3371 confer

401 3483 406 3489 ·
489 3435 740 3535 tempnere
768 3435 842 3507 ἀλλ’
866 3433 936 3528 εἴφ’
961 3433 1086 3520 ὁμοίως
1107 3436 1165 3504 καὶ
1186 3435 1319 3527 πατρὸς
1335 3440 1395 3502 τοῦ
1416 3439 1478 3512 eod
1499 3434 1617 3522 μάτας.
1662 3433 1770 3530 soph.
1795 3435 1840 3507 tr.
1864 3433 1959 3530 apud
1977 3433 2174 3508 Herodian

491 3581 570 3668 περὶ
591 3573 757 3669 μονῆρους
778 3578 845 3660 tae
872 3599 905 3671 p.
925 3572 991 3662 42,
1008 3572 1070 3647 23.
1105 3571 1238 3644 Sensus
1262 3572 1369 3664 igitu'r
1391 3573 1495 3646 huius
1519 3575 1586 3645 loci
1609 3573 1666 3643 hic
1688 3579 1764 3644 est:
1798 3571 2174 3644 lovi—neminem

491 3715 677 3788 omnium
704 3714 880 3786 deorum
907 3731 1051 3806 parem
1078 3731 1176 3782 esse
1207 3710 1400 3796 invenio,
1436 3712 1471 3780 si
1502 3709 1785 3804 insipientiae
1815 3726 1923 3780 onus
1956 3705 2004 3776 ab
2031 3709 2176 3778 animo

356 3892 360 3904 ·
491 3841 776 3924 amosendnm
817 3849 992 3922 omnino
1031 3851 1116 3934 est,
1149 3848 1185 3918 id
1221 3853 1295 3918 est:
1339 3847 1419 3918 hoe
1453 3847 1489 3916 si
1524 3844 1753 3936 agendum,
1797 3849 1840 3965 pt
1873 3843 2172 3936 insipientiam

492 4007 693 4078 amoveas
720 3987 798 4058 sive
824 3986 971 4079 procul
998 3981 1156 4054 habeas
1185 3983 1234 4054 ab
1261 3981 1419 4062 animo,
1453 4003 1530 4076 per
1561 3980 1774 4052 neminem
1801 3978 1977 4051 deorum
2004 3975 2044 4046 id
2070 3995 2175 4048 con-

492 4143 690 4218 sequere,
715 4123 801 4192 nisi
827 4119 1088 4215 per'lovem,
1114 4119 1536 4214 praestantissimum
1563 4118 1751 4189 omnium
1779 4113 1970 4188 deorum.

1197 4469 1236 4538 V.
1258 4467 1464 4538 184-205.

848 4797 854 4812 ‚
912 4725 969 4794 ναὶ
990 4720 1069 4794 rld'
1093 4718 1223 4816 ἡγεμὼν
1244 4717 1263 4790 ὃ
1285 4725 1433 4814 πρέσβυς
1454 4729 1536 4793 ναῶν
1559 4719 1736 4807 ligusticis

829 4875 878 4924 ιιι
911 4841 1029 4932 μάντιν
1049 4837 1163 4913 οὔτινα
1182 4841 1307 4934 ψέγων,

911 4961 1071 5051 ἐμπαίοις
1091 4960 1222 5050 τύχαισι
1243 4963 1429 5049 συμπνέων,

913 5079 983 5158 εὖτ’
1006 5079 1135 5175 deletu
1157 5089 1306 5174 κεναγγεῖ
1324 5077 1500 5176 βαρύνοντ’
1527 5075 1696 5167 ligustide
1715 5073 1809 5160 λεῶς,
