4792 6150
473 487 527 574 Β

474 741 545 814 quo
561 719 695 792 inloco
711 723 849 790 eertum
866 725 936 799 eet,
961 715 1218 807 mahalom
1240 717 1276 788 a
1296 714 1404 808 μάχης
1424 713 1530 787 πόνον
1551 733 1632 787 esse
1655 723 1911 788 nocturnum
1935 739 1988 790 ex
2009 713 2159 814 pugna

475 863 611 930 ortum
636 851 841 944 lahorem,
866 853 945 926 sive
970 858 1224 924 nocturnum
1250 871 1418 946 pugnae
1442 851 1649 936 laborem3
1675 849 1804 924 deinde
1826 847 1980 948 (iroeph
2000 851 2101 928 751:
2147 945 2158 958 ι

937 1051 993 1117 καὶ
1013 1044 1277 1137 νυκτιπλάγκτων
1297 1043 1427 1137 ὀρθίων
1447 1044 1686 1133 κελευσμάτων,

395 1297 401 1318 ι
473 1241 519 1312 ad
546 1263 651 1335 quem
677 1245 797 1314 locum
824 1242 908 1315 vide
932 1263 1023 1336 quae
1049 1241 1138 1314 bene
1168 1240 1353 1314 adnotavit
1377 1240 1621 1332 Humanam,
1651 1249 1748 1316 rede
1773 1243 2015 1340 marchiam
2035 1243 2155 1318 κολού-

475 1405 585 1466 ομανα
611 1379 865 1471 interpretatus
891 1385 1133 1449 nocturnos
1159 1377 1347 1482 vagitus.
1551 1389 1554 1394 '

603 1517 654 1586 lta
680 1513 829 1604 denique
855 1513 890 1581 in
917 1534 978 1596 eo,
1004 1510 1144 1605 dequo
1170 1533 1264 1584 nunc
1288 1512 1514 1606 potissimum
1541 1512 1669 1604 agitur,
1694 1533 1728 1586 v.
1752 1511 1798 1584 12
1820 1515 1983 1590 eiusdem
2008 1515 2154 1590 fabulae

443 1637 448 1646 ⁴
474 1650 550 1744 εὐνὴ
571 1650 827 1739 νοντίπλαγιαος
849 1647 932 1718 nihil
959 1653 1015 1718 est
1040 1647 1107 1718 nisi
1136 1647 1274 1718 cubile
1298 1653 1573 1734 nocturnum,
1598 1648 1649 1718 ita
1675 1657 1713 1718 ut
1739 1645 1808 1720 οὔτ’
1827 1646 1868 1720 ἂν
1890 1652 2154 1744 νυκτίπλαγκτον

474 1789 631 1880 ἔνδροσόν
653 1777 685 1856 ’τ’
712 1785 775 1870 tho
801 1781 895 1876 εὐνήν
920 1784 991 1856 hoc
1016 1804 1123 1855 sensu
1149 1782 1281 1854 dictum
1308 1783 1368 1852 sit:
1402 1780 1572 1873 quando
1603 1791 1733 1854 noctu
1764 1785 1905 1860 cubile
1931 1787 2153 1860 roscidum

475 1945 658 2018 occupo.
1423 1998 1429 2014 ,
2074 2001 2077 2012 ,

470 2073 490 2124 .“
598 2059 636 2132 ln
663 2077 771 2128 versu
800 2051 984 2144 14,ε’μήν·
1012 2052 1120 2142 φόβος
1140 2055 1203 2146 γὰρ
1225 2049 1304 2124 ἀνθ’
1328 2051 1435 2122 ὕπνου
1456 2061 1680 2144 παραστατεῖ,
1713 2075 1925 2150 quamquam
1950 2059 2035 2130 illud
2061 2066 2153 2154 post

475 2199 561 2268 alios
587 2173 774 2265 verissime
800 2191 938 2260 monuit
963 2187 1212 2278 Hermannus‚
1244 2207 1448 2283 pronomen
1474 2185 1556 2282 ἐμήν
1580 2187 1623 2260 ab
1648 2189 1832 2282 Aeschylo
1864 2192 1945 2264 addi
1976 2217 2056 2268 non
2082 2217 2153 2290 po-

473 2333 602 2418 tuisse,
626 2337 744 2400 tamen
771 2324 866 2420 quod
891 2327 968 2419 ipse
994 2323 1185 2418 substituit,
1209 2323 1245 2394 τί
1262 2321 1347 2416 μήν,
1373 2323 1460 2394 mihi
1486 2322 1625 2416 quidem
1652 2347 1724 2400 non
1747 2327 1832 2396 salis
1855 2328 1938 2400 huic
1957 2331 2039 2402 loco
2063 2352 2155 2401 oon·

475 2468 599 2557 venire
622 2462 770 2536 videtur.
827 2459 941 2532 Immo
967 2481 1036 2552 ego
1063 2461 1116 2531 sic
1141 2462 1322 2542 existimo,
1353 2455 1435 2549 ἐμήν
1459 2479 1661 2552 pronomen
1687 2483 1709 2532 a
1734 2463 1966 2552 grammatino
1992 2463 2152 2558 quodam

476 2601 632 2675 additum
667 2621 765 2689 esse,
798 2603 837 2667 ut
870 2597 1010 2668 salvum
1045 2603 1200 2667 metnrm
1235 2591 1360 2669 versus
1394 2593 1543 2665 trimetri
1578 2601 1691 2684 osset,
1732 2618 1813 2668 cum
1848 2597 1977 2670 librarii
2012 2599 2154 2671 incuria

475 2737 664 2810 excidisset
686 2731 831 2828 aliquod
856 2731 1087 2820 vocabulum,
1119 2731 1215 2824 quod
1246 2737 1282 2803 et
1312 2729 1473 2803 excidere
1503 2729 1606 2801 facile
1631 2735 1713 2803 ante
1743 2732 2047 2828 praepositionem
2074 2733 2155 2808 dnl

474 2873 588 2971 potuit
614 2878 649 2943 et
674 2869 796 2942 sensui
822 2868 1045 2964 aptissimum
1072 2873 1165 2957 erat,
1190 2867 1241 2936 ita
1265 2874 1305 2936 ut
1330 2865 1549 2958 Aeschylum
1575 2865 1629 2938 sic
1653 2867 1841 2963 scripsisse
1866 2868 2069 2942 coniciam:

913 3079 1020 3172 φόβος
1041 3081 1104 3171 γὰρ
1125 3079 1208 3150 αἰὲν
1230 3075 1312 3148 ἀνθ’
1333 3079 1442 3149 ὕπνου
1462 3087 1680 3170 παραστατεῖ.

542 3342 548 3352 -
600 3291 789 3366 Postremo
814 3315 888 3365 non
915 3291 1178 3366 assentiendum
1204 3297 1291 3389 puto
1318 3289 1604 3384 Schneidewino,
1629 3290 1688 3385 qui
1715 3291 1759 3364 ad
1784 3313 1819 3363 v.
1848 3290 1894 3364 19
1920 3296 2147 3378 διαπονεῖν,

474 3433 599 3526 inquit,
629 3429 947 3520 administrare,
982 3432 1118 3503 seltne
1144 3427 1409 3520 Bedeutung,
1440 3431 1526 3520 vgl.
1550 3425 1701 3518 Polyb.
1725 3426 1765 3518 4,
1790 3425 1861 3519 45,
1885 3425 1907 3498 7
1935 3433 2150 3502 διαπονεῖν

473 3568 541 3658 τὴν
562 3564 702 3658 χώραν,
721 3567 865 3637 οοΙοτο
881 3571 1053 3646 terram.
1097 3565 1210 3638 lmmo
1228 3563 1460 3636 usitatissimo
1477 3562 1675 3655 significatu
1694 3569 1868 3636 διαπονεῖν
1888 3591 1921 3634 τι
1939 3567 1996 3637 hio
2012 3565 2145 3637 dictum

475 3711 546 3792 est„
580 3707 620 3770 ut
650 3709 748 3771 esset
781 3673 982 3773 laborare
1013 3699 1054 3768 in
1090 3702 1230 3794 aliqua
1260 3722 1321 3790 re,
1354 3701 1433 3772 sive
1462 3699 1693 3792 diligenter
1723 3721 1928 3773 exercere
1959 3701 2145 3794 aliquam

473 3859 576 3918 rem,
602 3835 904 3930 quemadmodum
930 3857 952 3905 a
976 3833 1138 3926 Platone,
1165 3831 1402 3930 Xenophonte
1427 3836 1575 3929 aliisque
1600 3835 1831 3932 scriptoribus
1858 3842 2032 3908 διαπονεῖν
2052 3834 2143 3928 ἔργα,

473 3976 599 4058 τέχνας,
635 3972 770 4065 aliaque
796 3972 923 4042 similia
949 3971 1083 4042 dictum
1116 3977 1181 4042 est.
1241 3969 1326 4040 lllud
1356 3979 1494 4041 tantum
1526 3971 1721 4044 notandum
1753 3967 1845 4062 erati
1878 3974 2024 4072 nomine
2048 3968 2146 4042 οἴνου

473 4103 660 4199 'significari
695 4108 751 4178 hic
784 4128 857 4178 non
888 4114 961 4176 tam
995 4105 1141 4176 domum
1176 4106 1292 4200 ipsam
1326 4125 1432 4199 quam
1467 4128 1537 4178 res
1573 4107 1839 4188 domesticas
1873 4111 1931 4179 vel
1967 4108 2147 4199 negotia

473 4243 725 4316 domestica.
770 4239 823 4312 Ea
845 4263 934 4312 vero
957 4243 1207 4332 iurenegatur
1224 4237 1507 4332 Clytaemnestra
1525 4243 1710 4334 diligenter
1732 4249 1902 4316 exsecuta
1923 4265 2021 4330 esse,
2047 4241 2146 4334 quod
2195 4317 2201 4325 ,
2253 4325 2258 4330 ι

473 4375 512 4448 οὖ
533 4379 576 4448 τὰ
597 4377 715 4470 ἑαυτῆς
732 4376 900 4484 Ιἔ’προιιτε,’
917 4397 1005 4468 ergo
1030 4374 1126 4468 quod
1150 4375 1246 4448 domi
1271 4397 1311 4446 se
1335 4398 1408 4447 non
1432 4379 1646 4450 continuerit
1668 4400 1745 4488 nec·
1758 4377 1960 4474 pudicitiam
1987 4375 2144 4466 coluerit,

472 4495 536 4586 sed
561 4513 736 4606 indignam
762 4533 845 4586 cum
871 4510 1043 4604 Aegistho
1067 4509 1362 4585 consuetudinem
1389 4510 1558 4586 habuerit.

1130 4731 1139 4750 ¹
1220 4760 1260 4828 V.
1280 4759 1319 4830 31
1341 4779 1394 4846 sq.

909 4945 950 5012 τὰ
971 4945 1144 5012 δεσποτῶν
1164 4944 1227 5034 γὰρ
1249 4937 1286 5013 εὖ
1307 4942 1453 5013 πεσόντα
1474 4941 1637 5034 θήσομαι,

910 5063 980 5152 τρὶς
1001 5057 1039 5142 ἓξ
1058 5061 1226 5154 βαλούσης
1247 5065 1349 5152 τῆσδέ
1367 5089 1426 5150 μοι
1447 5065 1668 5158 φριιιςτωρίας.
