4838 6120
588 777 638 827 rao
672 751 844 840 Χαλκίδος
864 754 974 842 πέραν
994 748 1077 836 έχων

671 870 919 965 παλιρρόχθοις
940 872 976 942 ἐν
995 867 1150 952 Λίλίδος
1171 867 1308 954 τόποις·

672 993 776 1062 πνοαὶ
798 987 829 1061 δ’
853 987 924 1060 άπὸ
945 989 1134 1083 Στρυμόνος
1154 990 1323 1075 μολοῦσαι

676 1108 889 1196 κακόσχολοι,
913 1110 1079 1200 νήστιδες,
1102 1105 1262 1202 δόςορμοι

590 1255 638 1302 ras
672 1235 801 1322 βροτῶν
824 1205 918 1312 ἄλαι,
942 1235 1024 1299 νεῶν
1045 1256 1079 1298 τε
1102 1226 1159 1298 καὶ
1181 1225 1373 1316 πεισμάτων
1395 1218 1572 1322 άφειδεῖς,

672 1348 869 1439 παλιμμήκη
890 1346 1008 1441 χρόνον
1029 1353 1181 1418 τιθεῖσαι

673 1470 777 1560 τρίβῳ
800 1470 991 1551 κατέξαινον
1014 1463 1120 1552 druos
1142 1463 1295 1562 ’Ἄργους

674 1588 749 1657 ἐπεὶ
769 1589 806 1658 δέ
827 1589 883 1657 καὶ
904 1595 1028 1677 πικροῦ

669 1706 825 1792 χείματος
846 1702 929 1776 tua
950 1713 1061 1798 μῆχαρ

590 1851 638 1900 auu
674 1823 877 1920 βριθύτερον
898 1827 1063 1920 πρόμοισι

672 1942 789 2030 μάντις
807 1943 961 2036 ἔκλαγξεν
977 1947 1160 2040 προφέρων
1178 1939 1349 2038 Ἄρτεμιν,
1374 1943 1459 2014 ὥστε
1475 1939 1584 2030 χθόνα
1600 1939 1663 2028 βά-

674 2090 785 2156 κτροις
808 2064 1072 2157 ἐπικρούσαντας
1097 2060 1272 2156 Ἀτρείδας
1294 2063 1399 2160 δάκρυ
1420 2065 1467 2154 μὴ
1489 2070 1672 2148 κατασχεῖν,
1725 2131 1728 2140 ,

587 2211 636 2259 205
673 2177 757 2265 άναξ
776 2169 809 2252 δ’
834 2179 852 2251 ὁ
876 2184 1025 2274 πρέσβυς
1041 2181 1127 2290 τόδ’
1151 2175 1226 2252 εἶπε
1249 2187 1383 2275 φωνῶν·

673 2307 795 2391 βαρεῖα
816 2305 877 2389 μέν
898 2303 960 2395 κὴρ
982 2303 1019 2372 τὸ
1042 2301 1088 2395 μὴ
1111 2304 1294 2383 πιθέσθαι,

675 2428 796 2512 βαρεῖα
819 2419 862 2502 δ’,
887 2419 917 2492 εί
937 2423 1050 2492 τέκνον
1072 2419 1190 2504 δείξω,
1215 2433 1275 2490 etc.

233 2757 236 2775 ,
355 2641 532 2738 Apparet,
549 2651 586 2720 in
604 2651 709 2764 initio¹
724 2653 826 2724 huius
843 2655 911 2728 loci
930 2654 1088 2726 relictam
1107 2675 1128 2724 a
1147 2652 1255 2724 choro
1273 2657 1489 2722 structuram
1509 2669 1607 2734 csse,
1625 2665 1730 2740 quam
1747 2647 1938 2734 inchoarit3
1991 2721 1998 2740 χ

253 2777 474 2862 desideratur
502 2787 597 2856 enim
623 2787 771 2860 verbum
797 2786 947 2874 finitum,
973 2789 1068 2882 quod
1095 2788 1139 2858 ad
1165 2762 1349 2882 participia
1374 2789 1491 2878 ψέγων
1515 2793 1552 2858 et
1578 2785 1754 2872 συμπνέων
1779 2783 1938 2856 referen-

254 2913 340 2988 dum
368 2925 439 3004 ese
464 2941 531 2993 nec
556 2921 640 2994 illud
664 2922 874 3008 obscurum,
901 2933 939 2996 ut
965 2927 1222 3020 relinqueretur
1248 2930 1427 2995 structura
1448 2922 1633 3018 *inchoata
1665 2919 1742 2992 eius
1769 2920 1821 2990 rei
1847 2920 1940 2994 hanc

253 3053 478 3146 potissimum
511 3077 677 3130 caussam
710 3059 840 3144 fuisse,
874 3061 969 3154 quod
1001 3061 1044 3132 ad
1076 3059 1285 3156 explicanda
1318 3059 1376 3130 illa
1407 3056 1645 3150 navigationis
1676 3053 1938 3150 impedimenta,

230 3209 344 3284 ¹quae
368 3189 499 3265 Aulide
525 3195 676 3268 classem
704 3196 924 3270 Graccomm
950 3203 1129 3268 remorata
1154 3201 1292 3283 essent,
1317 3195 1453 3286 longior
1478 3191 1702 3289 parenthesis
1728 3190 1940 3286 interposita

253 3333 339 3400 crat.
393 3325 464 3400 Sed
489 3329 573 3402 illud
604 3353 678 3406 non
708 3339 938 3428 perspectum
964 3355 986 3404 a
1011 3333 1266 3405 recentioribus
1299 3331 1512 3418 editoribus,
1546 3329 1630 3424 quid
1661 3331 1698 3400 in
1728 3335 1853 3400 mente
1876 3329 1939 3424 lra-

254 3460 368 3534 buen't
394 3465 522 3537 choms
549 3467 695 3562 addere,
723 3493 803 3543 cum
828 3471 949 3566 posuit
972 3471 1155 3564 participia
1179 3471 1294 3562 ψέγων
1319 3473 1356 3540 ct
1381 3469 1566 3556 συμπνέων.
1614 3463 1739 3558 Neque
1765 3463 1876 3550 enim,
1902 3461 1939 3534 id

183 3639 187 3646 ·
255 3598 350 3692 quod
383 3600 585 3696 opinantur,
620 3607 769 3680 verbum
797 3601 886 3690 είπε,
914 3631 948 3680 v.
972 3605 1047 3680 205
1076 3607 1224 3692 elatum,
1257 3606 1305 3678 ad
1336 3605 1521 3700 participia
1551 3603 1612 3674 illa
1642 3599 1788 3692 intelligi
1814 3599 1939 3692 voluit,

253 3751 381 3808 Verum
407 3737 497 3812 haec
523 3741 648 3828 verba,
674 3745 812 3838 ὕστερον
833 3743 934 3837 ἐίγεγε
957 3746 1013 3816 καί
1034 3741 1074 3816 οὐ
1096 3745 1250 3816 συνέπνει
1276 3743 1436 3830 ἐμπαίοις
1456 3739 1583 3826 τόχαις,
1612 3757 1764 3830 quorum
1791 3734 1934 3828 quidem

174 3880 178 3891 ’
254 3872 447 3944 verbcmm
475 3897 603 3950 sensus
631 3881 834 3952 continetur
858 3882 945 3976 ipsis
973 3881 1038 3952 illis
1063 3879 1199 3970 verbis,
1225 3898 1316 3973 quae
1341 3899 1376 3951 v.
1395 3873 1469 3948 205
1488 3895 1562 3970 sqq.
1590 3868 1727 3958 δναξδ
1751 3869 1770 3944 ό
1791 3873 1939 3966 πρέσβυς

256 4015 321 4080 etc
345 4011 437 4082 elata
459 4011 566 4087 sunt.¹
596 4013 828 4090 Manifestum
852 4024 909 4088 est
932 4017 1045 4100 errim,
1071 4035 1250 4086 summam
1272 4015 1380 4087 totius
1406 4013 1493 4104 loci,
1520 4013 1579 4105 qui
1601 4014 1729 4105 legitur
1751 4032 1786 4082 v.
1810 4005 1937 4082 184-
2079 4093 2083 4102 Ι

255 4140 348 4235 221,
373 4149 429 4218 καί
449 4146 526 4219 τόθ’
547 4145 730 4242 ἡγεμών-
745 4153 782 4222 τὸ
801 4149 1032 4239 παντότολμον
1048 4159 1185 4244 φρονεῖν
1206 4151 1366 4242 μετέγνω,
1395 4151 1488 4221 hanc
1510 4169 1612 4221 esse:
1644 4147 1939 4240 Agamemnon

255 4253 366 4354 nihil
395 4304 605 4358 accusans
641 4289 918 4361 Calchantem
961 4287 1219 4382 placidoque
1259 4287 1401 4358 animo
1443 4287 1733 4357 calamitatem
1774 4281 1942 4376 ferens,

255 4437 337 4510 quo
376 4425 571 4514 tempore
614 4425 769 4494 classis
811 4423 961 4507 Aulide
1000 4425 1198 4496 maximis
1240 4415 1572 4518 tempestatibus
1613 4417 1819 4514 impedita
1859 4425 1942 4508 est,

256 4557 483 4646 quominus
509 4556 551 4648 in
578 4555 787 4632 Troadem
815 4561 1052 4645 traiiceret,
1078 4569 1304 4655 postquam
1327 4557 1508 4632 Calchas
1535 4551 1701 4630 effatus
1729 4560 1810 4646 est,
1836 4549 1938 4648 quid

254 4685 395 4760 Diana
428 4691 690 4786 postularet,
724 4695 1006 4769 vehementer
1040 4695 1222 4768 effatum
1258 4695 1348 4766 eius
1383 4693 1634 4786 indignatus
1669 4697 1737 4762 est
1771 4711 1821 4762 ac
1852 4691 1941 4785 pri·

254 4847 366 4898 mum
401 4827 635 4902 fluctuavit
668 4831 825 4924 animo,
851 4799 1002 4913 xutrum
1038 4831 1151 4905 bello
1187 4829 1420 4904 absisteret
1453 4851 1505 4902 an
1539 4828 1677 4902 sillam
1712 4830 1941 4916 mactaret,

245 4963 412 5057 deinde
434 4985 540 5050 ,vero
562 4969 783 5041 sociorum
808 4969 1055 5042 auctoritati
1080 4968 1238 5042 cedens
1261 4967 1475 5040 nefarium
1501 4965 1732 5040 consilium
1750 4969 1941 5038 mactan-

251 5100 333 5174 dae
357 5101 481 5176 filiae
505 5105 635 5200 cepit.
