4792 6150
1851 505 1852 508 ‘
1900 493 1928 590 'l

250 739 350 835 qircd
370 746 511 834 teinpus
538 737 720 812 amabitur
746 735 833 810 deos
858 735 983 822 orarit,
1019 745 1057 806 ut
1082 755 1122 806 se
1148 734 1292 806 miseria
1318 753 1385 804 sua
1407 733 1634 830 expedirent,
1665 736 1716 806 ita
1741 741 1796 822 ut,
1830 737 1929 828 quod

208 855 221 868 ⁵
250 875 396 948 minime
421 873 642 973 Graecomm
667 872 836 966 loquendi
856 869 1100 944 moereantur
1132 869 1358 953 adversatur,
1391 865 1540 960 ppoopte
1566 867 1680 952 iratos·
1701 877 1808 962 μῆκος
1826 872 1931 980 ‘idem

160 973 169 988 ἱ
251 1011 298 1080 sit
319 1017 425 1103 atquc
447 1009 575 1096 μακρὸν
593 1005 711 1100 χρόνον
733 1010 884 1098 φρουρᾶς
906 1003 1013 1087 ἐτείας
1029 1006 1107 1078 sive
1126 1006 1182 1076 διὰ
1205 1009 1356 1097 φρουρᾶς
1377 1004 1495 1086 ὲιείας.
1539 1004 1642 1078 Nunc
1665 1007 1760 1079 eni'm
1780 1007 1924 1082 demum

250 1145 373 1218 omnia
391 1147 432 1228 jn
459 1164 503 1213 ea
528 1147 629 1236 parte
654 1140 806 1234 prologi,
831 1160 937 1232 quem
963 1132 1153 1236 adscripsi,
1176 1145 1275 1212 recte
1301 1147 1337 1212 et
1362 1143 1455 1213 dicta
1481 1149 1517 1215 et
1543 1140 1634 1212 inter
1659 1163 1699 1214 se
1725 1163 1817 1224 nexa
1841 1149 1929 1214 sunt

251 1281 320 1353 hoc
344 1278 469 1350 modo:
506 1277 609 1348 deos
636 1275 807 1368 quidem
834 1295 1005 1369 precor,
1036 1283 1080 1346 ut
1104 1297 1168 1348 me
1195 1275 1320 1348 malis
1348 1277 1499 1369 quibus
1527 1297 1696 1368 premor
1726 1277 1928 1366 liberent,

251 1437 326 1510 per
359 1412 667 1509 longitudinem
700 1409 926 1484 custodiae
958 1433 1199 1484 annuae-
1227 1431 1313 1504 ergo
1346 1411 1482 1484 adhuc
1513 1411 1753 1482 frustra-
1779 1433 1927 1484 verum
2044 1392 2053 1398 ’

252 1571 319 1621 nu
337 1571 401 1619 nc
434 1547 588 1642 opinor
618 1546 741 1616 malis
773 1547 879 1618 meis
911 1545 1145 1640 liberabor,
1179 1548 1311 1618 scilicet
1338 1523 1532 1641 postquam
1565 1549 1706 1639 elapsus
1734 1553 1789 1617 est
1814 1570 1930 1620 annus

251 1705 366 1758 nonus
384 1683 578 1756 obsidionis
596 1679 734 1753 Troiae
778 1680 818 1752 ln
835 1681 890 1752 bis
908 1703 1003 1775 quac
1017 1685 1210 1777 interposui
1228 1683 1356 1764 verba,
1380 1681 1517 1754 adbuc
1541 1681 1722 1772 frustra,
1742 1671 1927 1767 'caminus

212 1837 213 1849 ¹
251 1818 479 1890 metuendum
503 1823 574 1904 est,
599 1833 645 1886 ne
671 1815 749 1907 quis
776 1824 911 1889 temere
936 1839 958 1888 a
984 1840 1042 1890 me
1068 1820 1281 1913 interposita
1301 1825 1418 1914 pluet,
1444 1839 1516 1910 quo
1538 1818 1684 1904 certius,
1710 1811 1769 1910 qui
1792 1837 1856 1910 por
1879 1819 1930 1890 bu

251 1959 388 2046 tegrum
407 1973 541 2023 annum
558 1972 598 2022 se
616 1949 705 2023 deos
724 1951 882 2043 quotidie
899 1934 1080 2048 precatum
1099 1975 1181 2024 esse
1202 1954 1268 2041 ait,
1293 1960 1333 2026 ut
1356 1953 1587 2026 excubiarum
1601 1973 1711 2025 onere
1728 1953 1931 2046 exueretur,
2018 1927 2020 1936 ’

251 2091 345 2161 nullo
371 2088 448 2159 eius
475 2089 557 2158 mni
582 2087 640 2158 die
667 2076 791 2179 preces
819 2107 902 2158 suas
935 2088 1137 2174 exauditas,
1170 2109 1256 2180 ergo
1287 2091 1422 2160 frustra
1452 2109 1493 2162 sc
1523 2095 1708 2182 precatam
1731 2107 1816 2160 esse
1841 2088 1931 2160 deos

251 2224 417 2298 ostendit.
469 2221 576 2294 Addo
601 2224 722 2321 statim
753 2223 851 2311 ibod,
882 2224 976 2316 quod
1006 2224 1100 2296 idem
1132 2245 1206 2297 non
1232 2230 1460 2319 perspectum
1486 2223 1530 2294 ab
1557 2221 1807 2318 interpretibus
1830 2224 1929 2296 vide

251 2366 324 2447 tur,
340 2411 343 2424 l
358 2379 449 2452 quae
473 2359 658 2430 interiecta
683 2365 770 2428 sunt
792 2359 886 2430 inter
911 2380 945 2431 v.
964 2351 989 2428 '2
1008 2364 1044 2430 et
1069 2381 1104 2433 v.
1128 2359 1195 2446 20,
1231 2383 1355 2434 eorum
1388 2378 1567 2430 summam
1601 2379 1804 2452 nexumque
1834 2361 1930 2432 burm

251 2516 353 2567 esse:
396 2515 518 2587 quam
547 2493 789 2584 (cmtcdiam)
818 2494 956 2565 adbuc
987 2495 1071 2586 egi,
1104 2497 1163 2568 ita
1197 2503 1240 2566 ut
1274 2497 1407 2569 totius
1443 2495 1557 2569 coeli
1578 2496 1730 2578 sidera
1763 2467 1931 2568 eo'runi·

251 2651 333 2724 que
361 2649 532 2700 cursum
562 2630 797 2720 cognorim,
833 2635 873 2702 et
907 2631 1155 2703 etiamnunc
1178 2653 1257 2723 ago
1286 2629 1473 2722 (ν.8’καὶ
1494 2638 1559 2702 νῦν
1580 2629 1742 2724 φυλάσσω
1767 2633 1852 2721 etc)
1881 2654 1929 2704 eo

252 2764 452 2851 consillo,
483 2773 526 2836 ut
557 2765 667 2836 facis
699 2766 868 2856 signum
895 2766 1139 2852 observem,
1171 2747 1252 2860 quo
1273 2765 1432 2840 Troiae
1463 2767 1681 2840 excidium
1713 2755 1959 2840 nuntiati-J

251 2905 332 2973 tur.
402 2898 564 2970 Misera
594 2906 659 2970 est
689 2905 828 2972 autem
860 2903 1077 2988 custodia3
1112 2904 1270 2974 etenim
1301 2905 1397 2976 dum
1432 2903 1612 2991 excubo,
1647 2909 1713 2974 etc
1784 2902 1928 2998 Optime
1985 2989 1991 3012 ἱ

252 3038 349 3108 enlm
371 3041 477 3129 poeta
501 3034 744 3107 excubitorem
770 3036 884 3122 illmn,
909 3037 1090 3108 bominem
1117 3039 1161 3111 de
1184 3039 1299 3133 plebe,
1325 3045 1497 3131 quantum
1520 3036 1595 3110 fleri
1618 3059 1684 3132 per
1704 3039 1930 3134 maiestatem

251 3171 455 3262 tragoediae
478 3170 591 3254 licuit,
624 3191 691 3242 suo
719 3193 820 3243 more
845 3174 1049 3264 mouentem
1083 3195 1212 3268 eaque,
1246 3195 1336 3267 quae
1362 3139 1666 3266 delongitudine,
1700 3173 1744 3244 de
1770 3171 1930 3258 consilio,

252 3307 298 3379 dc
330 3305 466 3394 fructu,
497 3304 543 3376 de
576 3291 739 3378 molestia
772 3308 956 3380 custodiae
989 3307 1142 3380 dicenda
1168 3315 1285 3396 erant,
1319 3297 1393 3382 alio
1419 3309 1547 3382 ordine
1575 3297 1711 3400 aisque
1737 3307 1855 3381 fonna
1880 3307 1930 3379 ds

251 3435 372 3544 cendi,
403 3462 447 3512 ac
470 3441 527 3511 vir
552 3442 677 3514 docum
704 3441 869 3528 dixisset,
902 3446 1145 3538 proferentem
1171 3445 1378 3517 introduxit.

379 3574 563 3648 Postremo
589 3577 620 3646 si
646 3577 724 3670 quis
755 3578 1036 3674 interpretationi
1071 3601 1174 3652 meae
1199 3601 1326 3652 versus
1353 3580 1461 3675 primi
1481 3589 1518 3654 ot
1541 3579 1782 3692 secundillae
1804 3579 1930 3654 aduen-

252 3713 323 3781 san'
347 3712 529 3806 opinatur,
560 3713 654 3804 quod
678 3713 715 3782 in
741 3715 859 3785 uerbis
890 3721 991 3786 τῶνδε
1013 3713 1225 3788 nivarium
1251 3718 1455 3808 haereatur,
1481 3719 1549 3788 nisi
1574 3721 1680 3788 τῶνδε
1708 3719 1929 3811 pronominis

252 3848 437 3942 explicatio
463 3847 556 3937 talis,
582 3849 693 3940 qualis
712 3848 759 3918 sit
777 3858 928 3944 φρουρᾶς
950 3853 1071 3936 ἐτείας,
1095 3852 1214 3924 addita
1237 3854 1299 3936 sit,
1330 3853 1493 3946 profecto
1512 3854 1694 3946 magnoin
1712 3873 1834 3924 errore
1851 3873 1931 3925 ver·
1975 3830 1978 3836 ’
2102 3869 2104 3877 ’

253 3989 368 4069 satur,
394 4003 526 4074 neque,
552 3983 635 4075 quid
653 3985 878 4084 potissimum
896 3993 1001 4080 poeta
1018 3989 1166 4080 prologo
1185 3989 1357 4080 consequi
1367 3990 1541 4086 uoluerit,
1567 3993 1795 4082 perspectum
1814 3988 1931 4080 babet,

252 4118 285 4188 si
310 4117 385 4189 boc
402 4119 557 4189 maxime
584 4119 762 4190 existimat
788 4121 979 4193 excubitori
1007 4124 1197 4196 molestum
1224 4125 1413 4214 accidisse,
1447 4125 1544 4218 quod
1569 4146 1633 4218 per
1665 4126 1842 4214 integrum
1870 4143 1931 4192 an·

252 4275 339 4325 num
365 4253 532 4324 excubias
559 4255 679 4346 egerit.
721 4253 844 4327 ‘lmmo
870 4255 1054 4330 excubitor
1078 4259 1172 4352 ipse,
1198 4259 1307 4332 homo
1330 4279 1401 4332 non
1425 4258 1646 4332 effeminatus
1670 4258 1847 4332 laborisve
1875 4260 1931 4329 fu-

252 4391 371 4479 giem,
397 4389 500 4459 claris
519 4390 694 4482 certisque
712 4389 831 4462 verbis
857 4413 891 4464 v.
916 4389 1080 4463 la-ls
1102 4355 1200 4486 dicit,
1225 4396 1293 4467 hoc
1315 4416 1356 4466 se
1380 4395 1415 4465 in
1446 4395 1585 4486 agenda
1608 4394 1772 4466 custodia
1794 4394 1930 4484 gravis-

251 4523 342 4596 sime
368 4525 508 4614 tulisse,
544 4525 638 4618 quod
665 4525 811 4597 absente
834 4523 1108 4618 Agamemnone
1135 4531 1226 4602 adeo
1251 4531 1421 4602 miseram
1450 4551 1531 4602 esse
1558 4531 1688 4602 uiderit
1716 4550 1836 4601 rerum
1866 4527 1928 4600 do·

251 4659 479 4730 mesticanun
506 4659 745 4732 conditionem
764 4701 815 4714 -
832 4663 1137 4754 Clytaemnestrae
1162 4687 1243 4736 cum
1261 4663 1432 4760 Aegistho
1459 4665 1751 4740 consuetudinem
1777 4665 1862 4736 dicit
1879 4703 1929 4718 -

251 4799 306 4882 ut,
340 4794 481 4886 quando
508 4817 634 4868 canere
659 4799 716 4868 vel
742 4799 862 4868 lallare
888 4797 953 4868 sibi
987 4799 1127 4886 libuerit
1158 4801 1313 4896 pellendi
1340 4804 1458 4876 somni
1489 4825 1635 4890 caussa,
1670 4823 1811 4896 semper
1842 4823 1929 4895 prae

250 4927 370 5002 dolore
387 4929 554 5003 lacrimae
571 4931 716 5005 obortae
739 4931 821 5006 sint.
874 4933 968 5006 Hinc
990 4935 1084 5006 idem
1107 4943 1298 5032 propterea
1319 4938 1544 5032 potissimum
1570 4938 1702 5010 linitam
1729 4935 1929 5010 custodiam

249 5066 411 5138 nuntiato
429 5065 477 5136 llii
496 5067 635 5138 excidio
652 5089 735 5140 esse
755 5089 983 5164 summopere
1000 5071 1148 5165 gaudet,
1174 5071 1356 5166 quodiam
1373 5075 1562 5170 pristinum
1580 5095 1698 5146 rerum
1717 5074 1929 5146 domestica·
