4838 6120
447 706 591 794 credat,
620 703 858 796 Aeschylum,
887 723 970 776 eum
994 699 1106 781 modo
1131 667 1310 795 posuisset
1334 719 1466 772 nomeu
1492 695 1706 788 ἀπαλλαγήν,
1740 692 2134 794 vocabulumque·

454 843 585 934 simron
618 846 670 912 et
683 840 837 913 maxime
868 837 1109 932 perspicuum,
1143 836 1180 912 id
1210 834 1312 928 quusi
1337 834 1649 928 mterpretamrum
1683 833 1797 906 fuisse
1827 829 2000 910 voobuo
2031 831 2134 920 letter

456 979 574 1052 minus
607 976 757 1065 usitato,
793 976 896 1067 quale
930 971 1033 1065 μῆχος
1064 968 1142 1044 esti
1201 967 1293 1044 Nam
1327 969 1358 1041 si
1394 969 1528 1058 debuit,
1562 969 1598 1040 id
1630 967 1727 1062 quod
1759 969 1948 1063 opinantur
1979 965 2133 1041 editores

455 1113 689 1201 recentioree,
723 1111 845 1182 statim
877 1111 1054 1203 explicere
1086 1107 1197 1180 verba
1227 1105 1301 1193 ille,
1334 1101 1587 1185 conueniret,
1619 1125 1740 1182 noune
1765 1107 1853 1180 sads
1877 1103 2022 1182 omrrino
2048 1106 2134 1190 ortt,

457 1250 594 1324 omisso
625 1246 799 1328 vocabulo
829 1251 932 1335 μῆχος
964 1251 1102 1320 tantum
1132 1241 1242 1315 verbe
1270 1247 1424 1334 φρουρᾶς
1450 1240 1559 1323 ἐτείας
1590 1238 1828 1337 apposuisse?
1885 1237 1994 1331 Atqui
2024 1238 2060 1308 in
2089 1256 2134 1308 eo

456 1385 537 1478 ipso
561 1381 717 1456 maxime
743 1387 864 1452 errant
894 1390 931 1452 et
955 1379 1244 1459 Schneidewinus
1270 1387 1306 1450 et
1329 1377 1558 1450 Hermannus
1586 1382 1622 1450 et
1646 1378 1687 1467 ii,
1718 1377 1777 1469 qui
1802 1373 2028 1450 Valckenarii
2049 1393 2136 1446 eon·

459 1521 630 1593 iecturam
654 1523 879 1608 receperunt,
904 1517 1014 1609 quod,
1040 1537 1130 1610 quae
1153 1517 1189 1586 in
1212 1513 1310 1586 initio
1329 1511 1406 1612 u‘l
1431 1514 1548 1607 posita
1569 1520 1652 1586 sunt
1675 1511 1800 1603 verba,
1825 1533 1890 1606 pro
1914 1509 2135 1604 appositione
2184 1543 2186 1548 ·

408 1624 416 1736 ,Α
460 1653 650 1726 verborum
675 1652 963 1743 praecedentium
989 1673 1071 1724 esse
1095 1650 1259 1722 iudicant.
1304 1647 1445 1724 Etenim
1471 1650 1538 1722 hoe
1564 1650 1680 1742 potius
1707 1647 1862 1722 maxime
1883 1665 2031 1719 necesse
2055 1663 2136 1718 esse

458 1787 646 1878 intelliget,
672 1785 732 1876 qui
748 1786 855 1858 totius
874 1787 958 1874 loci,
983 1809 1089 1880 quem
1108 1787 1296 1880 adscripsi,
1321 1805 1467 1862 sensum
1480 1803 1685 1876 *nexumque
1701 1783 1887 1874 diligenter
1905 1749 2137 1876 perspexerit,

463 1924 499 1999 ia
526 1923 604 2016 ipso
630 1922 729 1996 initio
756 1924 908 2016 prologi,
940 1922 975 1994 id
1002 1928 1057 1998 est
1083 1943 1118 1994 v.
1147 1920 1163 1992 l
1190 1928 1225 1994 et
1248 1919 1288 2010 2,
1314 1921 1419 1993 certis
1452 1917 1571 1992 verbis
1602 1919 1749 1994 incb'oeri
1775 1925 1917 2013 tempus
1942 1915 2043 1998 illud,
2074 1933 2142 2007 per.

462 2057 558 2151 quod
581 2055 765 2133 excubitor
791 2057 879 2130 deos
912 2064 1076 2150 precatus
1108 2059 1172 2149 sit,
1207 2063 1247 2128 ut
1276 2057 1448 2132 molestiis
1475 2056 1550 2131 suis
1579 2055 1796 2130 liberaretur.
1859 2052 1966 2140 Quod
1996 2047 2138 2144 quidem

462 2203 602 2288 tempus
628 2193 661 2265 ei
685 2211 760 2264 non
786 2192 974 2280 indicatur,
1000 2193 1150 2266 verbum
1177 2191 1257 2264 αἰτῶ
1283 2213 1355 2267 non
1380 2197 1501 2284 potest
1526 2212 1597 2268 uon
1624 2192 1670 2264 ed
1695 2192 1732 2266 id
1756 2196 1893 2266 tantum
1916 2197 2057 2283 ternpus
2084 2205 2139 2262 re-

463 2330 566 2414 ferri,
597 2330 671 2421 qim
704 2327 891 2401 excubitor
924 2330 1110 2429 prologum
1146 2329 1232 2419 agit,
1268 2326 1373 2419 idque
1407 2348 1452 2398 eo
1487 2328 1615 2417 magis,
1650 2327 1681 2396 si
1712 2326 1822 2400 verba
1852 2327 1955 2414 haee,
1990 2325 2141 2416 φρουρᾶς

465 2465 589 2556 ἐτείας,
614 2485 680 2558 pro
699 2463 920 2557 appositione
938 2463 1126 2536 verborum
1154 2468 1257 2534 τῶνδε
1278 2459 1390 2532 τόνων
1414 2461 1600 2564 habentur;
1627 2464 1730 2534 unius
1756 2445 1849 2534 enim
1874 2461 1960 2532 anni
1979 2458 2142 2538 emtodia
2173 2471 2180 2476 “

463 2601 543 2677 eius
575 2599 701 2675 tuerat,
764 2596 813 2670 At
836 2600 869 2669 si
902 2598 984 2672 αἰτῶ
1015 2599 1060 2674 ad
1091 2601 1176 2675 illud
1207 2607 1343 2676 tentum
1373 2606 1515 2691 tempus
1540 2605 1696 2692 spectet,
1730 2604 1805 2670 tum
1835 2598 1990 2690 primum
2021 2597 2143 2689 inepta

460 2743 551 2810 eunt
576 2757 611 2810 u.
634 2731 685 2806 20
713 2732 824 2807 rerba
848 2740 913 2806 νῦν
940 2737 996 2817 δέ,
1033 2759 1124 2830 quae
1156 2737 1210 2808 sic
1238 2743 1376 2808 tantum
1408 2740 1504 2807 recte
1536 2754 1576 2806 se
1607 2732 1737 2808 habere
1767 2739 1881 2828 patet,
1915 2732 1947 2802 si
1977 2729 2141 2808 uersibus
2250 2773 2252 2776 v

465 2867 758 2966 praecedentibus
781 2865 889 2954 'alium
914 2871 951 2946 id
977 2881 1033 2944 est
1058 2872 1282 2968 praeteriti
1308 2872 1515 2967 temporis
1543 2869 1639 2944 facte
1655 2839 1799 2942 ‘mentio
1825 2875 1898 2960 eet,
1923 2867 1979 2943 cui
2003 2871 2141 2960 ternpus

465 3025 634 3103 praesens
660 3011 880 3098 opponatnr3
906 3007 1034 3083 dende
1060 3029 1147 3083 uero
1168 3009 1294 3103 inepta
1318 3007 1425 3079 etiam
1451 3007 1512 3093 pb
1537 3007 1707 3098 particula
1733 3009 1803 3094 eat,
1829 3003 1866 3076 in
1893 3003 2007 3098 primo
2033 3023 2141 3076 versu

467 3144 594 3240 posita.
657 3137 711 3214 Ea
741 3142 836 3224 enim
859 3163 906 3214 ex
932 3162 1000 3216 ueu
1031 3143 1175 3234 linguae,
1198 3143 1359 3216 Graecae
1389 3140 1472 3237 addi
1499 3139 1541 3215 ab
1569 3139 1773 3216 excubitare
1799 3160 1877 3214 uon
1897 3139 2027 3232 poene,
2059 3140 2142 3231 quin

463 3279 505 3352 in
526 3283 649 3350 mente
673 3275 819 3349 baberet
832 3273 984 3368 'aliquod
1009 3278 1226 3366 membrum,
1258 3277 1351 3370 quod
1376 3277 1410 3348 ei
1435 3283 1649 3370 opponeret,
1675 3275 1716 3347 in
1748 3295 1819 3368 quo
1845 3276 1905 3361 pb
1936 3274 2143 3368 particulam

464 3409 692 3506 posueram).
754 3411 862 3504 Atqui
888 3411 973 3488 nihil
999 3414 1145 3504 cogitari
1170 3420 1308 3508 potest,
1342 3411 1439 3506 quod
1464 3405 1522 3485 illc
1548 3413 1590 3486 iis
1617 3409 1751 3500 verbiS,
1786 3411 1912 3503 quibus
1939 3431 2142 3486 sermonem

470 3567 619 3620 exorsus
647 3555 722 3635 est,
750 3548 1004 3646 opponendum
1035 3548 1183 3642 putarit,
1216 3547 1286 3616 nisi
1311 3548 1407 3640 quod
1433 3567 1467 3619 v.
1486 3543 1537 3618 20
1555 3568 1630 3640 sqq.
1658 3548 1873 3636 continetur,
1905 3547 2069 3618 liberiore
2094 3545 2145 3618 di·

470 3681 573 3760 cendi
598 3681 715 3755 forma
740 3685 879 3757 elatum.
933 3681 1034 3760 Haec
1059 3687 1180 3758 eutem
1204 3683 1300 3775 ipsa,
1326 3703 1416 3774 quae
1443 3683 1537 3755 inter
1560 3703 1600 3754 se
1623 3683 1788 3776 opposita
1805 3703 1892 3756 esee
1912 3689 2052 3754 certum
2076 3687 2145 3770 <eet

470 3823 568 3890 reete
585 3817 678 3886 inter
693 3837 735 3886 se
752 3817 884 3910 opponi
901 3819 953 3890 sie
970 3825 1106 3891 tantum
1124 3825 1332 3912 potuerunt,
1358 3821 1389 3888 si
1412 3818 1449 3890 in
1467 3819 1612 3892 exordio
1630 3818 1805 3890 sermonis
1830 3838 1863 3892 v.
1880 3815 1906 3892 2
1931 3816 2048 3894 verbis
2067 3817 2144 3904 illis,

469 3955 623 4046 φρουρᾶς
642 3950 753 4034 ἐτείας
772 3959 888 4042 μῆκος,
921 3955 1148 4029 accusativus
1179 3953 1348 4062 temporis
1382 3952 1558 4026 contineri
1593 3953 1847 4045 significarique
1877 3952 2048 4042 creditu,
2082 3973 2147 4046 per

601 4293 632 4357 l)
653 4293 718 4345 Μέν
739 4287 888 4360 particulam
913 4315 969 4348 curn
993 4307 1094 4350 coartet
1117 4315 1167 4349 non
1190 4297 1222 4349 ud
1246 4313 1323 4350 unum
1341 4297 1443 4364 aliquod
1463 4295 1628 4360 uocabulum,
1648 4295 1693 4347 aed
1711 4296 1743 4347 ud
1763 4303 1843 4347 totum
1862 4295 2002 4349 membrum
2020 4303 2146 4364 spectare,

475 4377 527 4430 lulli
545 4377 675 4445 liutgerum
694 4387 780 4444 patet,
799 4381 841 4446 qui
858 4378 1011 4452 θεοῠςμέν
1027 4383 1062 4436 ite
1077 4386 1261 4450 intorpretatur
1279 4391 1332 4434 ert:
1360 4382 1435 4448 „die
1454 4382 1580 4446 (letter,
1606 4379 1687 4434 deun
1706 4379 1943 4447 lilytlimrrertrr
1960 4379 2147 4436 belreitibtr

474 4463 601 4515 nieht.“
646 4463 725 4525 Quum
752 4465 989 4530 interpretationem
1017 4483 1168 4539 quamquam
1194 4475 1264 4518 recte
1291 4465 1454 4520 reiiciendam
1481 4483 1538 4517 esse
1565 4465 1691 4518 intellexit
1716 4465 1943 4530 Sebncideuirmr,
1970 4476 2055 4517 temen
2081 4465 2148 4518 idem

472 4549 610 4615 dupliciter
627 4549 733 4614 erravit,
756 4550 825 4615 quod
844 4559 870 4602 et
885 4551 929 4603 bie
947 4559 973 4603 et
990 4567 1015 4605 r.
1033 4552 1069 4603 40
1085 4567 1141 4618 sqq.
1161 4568 1205 4616 aa,
1226 4567 1294 4618 quae
1316 4553 1412 4618 opponi
1430 4551 1565 4602 uideantur
1583 4549 1722 4617 debuisse,·
1741 4565 1880 4618 supprema
1897 4566 1954 4603 esse
1972 4550 2041 4601 dixit.
2085 4547 2148 4602 Num

472 4641 503 4686 ut
521 4634 571 4685 boc
589 4634 647 4686 ioco
663 4633 780 4703 pinibus
799 4635 884 4690 verbio
903 4637 1041 4692 irateriectiu
1060 4654 1091 4690 eu
1113 4639 1168 4704 ipsa
1186 4635 1291 4704 protulit
1308 4635 1441 4690 excubitor
1457 4652 1482 4687 u.
1496 4637 1531 4686 20
1545 4651 1593 4703 tq,
1612 4652 1677 4703 quae
1696 4637 1722 4688 iu
1741 4645 1827 4693 mente
1848 4636 1938 4692 munit
1958 4634 2067 4704 addere,
2091 4649 2148 4700 qum

474 4719 534 4770 ml
563 4719 648 4770 dicero
676 4723 761 4787 coepit
787 4715 868 4778 θεοὺς
883 4719 938 4790 μὲν
954 4722 1022 4774 circi
1040 4731 1103 4788 etc,
1133 4724 1168 4774 ita
1186 4721 1294 4787 chorus,
1322 4737 1379 4772 cum
1397 4737 1422 4772 v.
1440 4721 1474 4772 4⁰
1492 4720 1567 4786 dixit,
1596 4719 1712 4774 δέκατον
1728 4720 1782 4791 μὲν
1799 4720 1859 4780 ἔτος
1876 4725 1939 4784 etc,
1964 4721 2036 4790 ,quod
2053 4717 2148 4772 addere

473 4802 568 4868 voluit,
600 4819 652 4855 unu
675 4807 775 4870 orabit,
807 4804 853 4855 red
870 4804 987 4860 ,liberius
1014 4807 1105 4859 extulit
1125 4823 1150 4860 r.
1168 4805 1203 4857 68
1220 4821 1257 4872 sq.
1276 4807 1392 4885 raliirqe
1416 4802 1444 4858 δ’
1464 4803 1491 4862 ἐς
1509 4802 1540 4856 rb
1557 4809 1742 4877 πεπρωμέναν
1756 4811 1823 4870 ete,
1850 4807 1884 4858 ita
1902 4814 1930 4856 ut
1949 4805 1998 4858 boe
2016 4805 2148 4872 signifiea-

475 4895 529 4939 ret:
557 4903 738 4955 quemquam
766 4889 861 4942 adest
886 4891 944 4941 iam
966 4907 1071 4943 annus
1093 4891 1232 4948 decimue
1250 4889 1431 4944 obsidionis
1449 4884 1575 4956 Troiae,
1603 4892 1732 4946 necdum
1751 4891 1788 4942 de
1807 4890 1871 4942 line
1890 4888 1966 4942 belli
1985 4893 2149 4958 quicquam

473 4975 703 5041 cognorimus,
735 4982 836 5025 tumen
866 4977 933 5028 ciue
964 4976 1043 5028 belli
1071 4977 1151 5028 bunc
1179 4976 1248 5028 lore
1276 4985 1421 5028 euentum
1450 4973 1622 5042 credimur,
1651 4986 1683 5027 ut
1710 4975 1801 5027 Troia
1832 4973 1977 5028 deleatur
1998 4973 2150 5040 Pariaque

474 5057 598 5127 flagitii
615 5060 661 5112 eei
675 5072 800 5124 poena-u
816 5059 896 5114 luat.
