4792 6150
629 721 811 816 Adscripei
836 721 945 794 etiam
969 718 1016 793 de
1040 717 1167 813 quibus
1194 741 1268 794 nou
1298 741 1380 794 sum
1411 721 1569 794 dicturis
1596 743 1631 793 v.
1649 717 1814 792 to-so
1839 727 2054 816 propterea,
2089 721 2192 816 quod

501 857 701 934 arctissime
726 858 920 930 cohaerent
945 875 1029 926 cum
1054 876 1099 928 eo
1124 856 1220 944 Ιοοο,
1253 876 1374 949 quem·
1391 858 1501 948 vulgo
1532 877 1601 933 nec
1629 856 1807 950 scriptum
1838 861 1935 930 recte
1966 877 2035 933 nec
2067 857 2193 950 expls-

501 999 627 1070 uchrm
651 1000 750 1088 puto.
795 991 991 1064 Adnotavit
1013 987 1239 1063 Hermaunus
1265 989 1311 1062 ad
1334 1013 1367 1062 v.
1388 989 1435 1063 57
1443 1014 1451 1058 :
1481 991 1537 1080 „A
1559 991 1727 1064 Turnebo
1751 992 1888 1082 virgula
1912 991 2194 1086 postremitas

501 1130 636 1224 pusilis,
669 1137 709 1202 ut
739 1131 967 1218 iungerentur
991 1122 1198 1218 οἰωνόθροον
1222 1123 1303 1216 γόον
1327 1123 1471 1215 ὀξυβόαν
1494 1133 1599 1198 τῶνδε
1629 1127 1804 1214 μενοίνεον.
1860 1127 1916 1200 lta
1939 1127 2195 1202 &astruxisse

502 1265 646 1340 videmr
674 1264 886 1336 scholiastes
913 1258 1098 1354 Sophoclis
1124 1260 1169 1330 ad
1196 1260 1284 1333 Oed.
1312 1263 1387 1336 Col
1411 1261 1507 1336 934:
1549 1264 1724 1351 μωοίνους
1754 1266 1793 1336 ii
1821 1267 1987 1351 καλοῦμεν
2009 1263 2091 1344 νοὸς
2116 1258 2193 1332 ἀπὸ

504 1390 621 1486 ἑτέρας
640 1391 752 1481 χώρας
773 1386 943 1472 οἰκοῦντας
964 1391 1051 1480 πρὸς
1071 1389 1149 1472 τοὺς
1168 1393 1442 1476 μετοικισθέντας
1462 1393 1591 1464 ποθέν·
1611 1397 1710 1494 τοῦτο
1731 1393 1769 1465 dt
1789 1387 1928 1464 ἔννοιαν.
1971 1393 2133 1481 κέχρηται
2155 1389 2196 1460 δὲ

505 1513 563 1582 ahl
587 1507 757 1596 Αἰσχύλος
782 1509 841 1578 ἐπὶ
867 1513 933 1576 τῶν
959 1505 1085 1576 οίωνῶν
1110 1509 1145 1576 ἒν
1172 1505 1393 1598 Ἀγαμέμνονι
1418 1511 1522 1600 λέγων
1552 1509 1656 1590 οὕτω,
1687 1513 1791 1582 τῶνδε
1816 1509 1995 1596 μετοίκων,
2028 1505 2106 1578 ἀντὶ
2134 1513 2197 1578 τοῦ

494 1630 660 1704 ’ἐνοίκων
689 1628 864 1714 μετοίκους
883 1627 947 1718 γὰρ
970 1619 1045 1696 εἶπε
1065 1632 1131 1694 τῶν
1152 1623 1292 1719 ὑψηλῶν
1312 1627 1427 1700 τόπων
1447 1631 1524 1712 τοὺς
1546 1627 1682 1710 οἰωνοὺς
1703 1625 1837 1698 κάκεῖσε
1858 1623 1932 1696 dni
1951 1633 2017 1698 τῶν
2039 1626 2194 1696 ἐνοίκων.

505 1755 566 1827 Sic
591 1755 681 1826 haec
705 1777 750 1826 ex
776 1753 901 1825 codice
927 1751 1037 1822 edidit
1063 1717 1265 1827 Elmslcius.
1324 1753 1459 1828 Eadem
1490 1757 1568 1828 fere
1594 1755 1719 1828 Suidos
1752 1755 1866 1827 habet
1927 1753 2039 1825 Aliter
2071 1755 2195 1848 paullo

506 1889 728 1963 scholiorum
755 1873 867 1960 editiox
891 1885 1070 1978 Romana,
1102 1890 1203 1960 aliter
1230 1912 1371 1962 rursum
1396 1889 1633 1980 Brunckiana,
1663 1913 1736 1964 non
1761 1899 1884 1962 tamen
1909 1897 1947 1960 ut
1972 1889 2194 1961 emendatus

507 2028 556 2098 sit
582 2029 698 2098 locus,
750 2022 788 2094 Si
813 2029 916 2094 τῶνδε
937 2023 1101 2112 μετοίκων
1121 2025 1277 2118 iungitur
1301 2049 1383 2098 cum
1408 2027 1668 2122 superioribnS,
1693 2029 1808 2098 luctus
1834 2026 1879 2099 ob
1906 2031 2048 2096 amatos
2076 2025 2195 2120 pullos
2243 2109 2246 2116 Ι

508 2171 565 2236 est
587 2161 843 2253 intelligendus,
888 2159 936 2228 At
958 2159 1007 2228 ita
1029 2165 1132 2230 τῶνδε
1155 2161 1279 2234 inutile
1302 2169 1374 2248 est,
1399 2163 1569 2256 quomam
1592 2169 1654 2233 aut
1675 2169 1742 2232 τῶν
1761 2163 1924 2250 μετοίκων
1946 2170 2006 2234 aut
2027 2158 2198 2247 μετοίκων

509 2296 716 2396 ponendum
739 2303 827 2369 erat.
880 2293 1077 2383 Pauwium,
1103 2298 1162 2390 qui
1186 2297 1296 2369 verba
1317 2298 1376 2368 illa
1398 2295 1443 2368 ad
1465 2302 1650 2390 sequentia
1673 2302 1800 2373 referri
1823 2300 1943 2388 iussit,
1969 2297 2084 2369 secuti
2109 2301 2196 2364 suut

418 2519 424 2528 ,
509 2435 727 2510 recentiores
754 2431 921 2504 editores.
973 2429 1189 2504 Scholiastes
1216 2454 1287 2526 quo
1315 2435 1503 2522 retuderit,
1529 2415 1607 2508 non'
1624 2437 1749 2528 liquet,
1775 2437 1836 2528 qui
1861 2423 1991 2505 scribat
2017 2429 2105 2524 ὑπὲρ
2128 2435 2197 2500 νῶν

509 2569 788 2662 percunctemur
808 2573 963 2638 νεοσσῶν.
1016 2574 1231 2658 Παραβᾶοιν,
1263 2567 1363 2661 quod
1387 2587 1461 2641 non
1485 2569 1616 2664 potest
1630 2572 1676 2642 de
1702 2570 1903 2666 raptoribus
1928 2571 2107 2664 pullorum
2134 2587 2198 2636 an·

510 2669 638 2802 genibus
664 2707 797 2777 dictum
823 2725 921 2792 esse,
946 2711 1069 2800 aperte
1095 2703 1250 2776 referhu
1273 2704 1322 2776 ad
1347 2701 1543 2792 Troicum,
1569 2705 1626 2800 qui
1650 2705 1825 2780 Helenam
1850 2703 2032 2800 rapuerint
2056 2703 2199 2774 violato

511 2845 590 2916 iure
614 2841 767 2937 hospitii
819 2837 959 2912 Eodem
985 2839 1096 2910 modo
1122 2838 1167 2909 ad
1192 2839 1285 2910 hanc
1309 2853 1402 2932 rem,
1432 2861 1508 2912 non
1532 2840 1579 2912 ad
1603 2843 1736 2934 pullos,
1771 2842 1926 2936 respexit
1949 2847 2075 2936 poeta,
2113 2857 2198 2907 cum

512 2982 631 3079 paullo
657 2986 740 3048 ante
764 2974 885 3048 lovem
910 2974 1216 3046 commemoravit
1268 2971 1391 3066 ltaque
1416 2976 1524 3046 etiam
1549 2977 1713 3062 μενοίνεον
1737 2976 1781 3049 de
1804 2975 1943 3048 Helena
1965 2976 2101 3047 dictum
2130 2977 2198 3060 est,

512 3123 553 3186 ut
578 3113 726 3186 omniuo
751 3111 908 3204 ineptum
935 3111 982 3179 sit
1006 3113 1121 3179 τῶνδε.
1172 3105 1305 3201 Scripsi
1329 3117 1396 3180 νῶν
1422 3115 1462 3183 δὲ
1480 3113 1658 3199 μετοίκων,
1692 3121 1732 3184 ut
1756 3112 1802 3184 ad
1826 3112 1955 3195 ὕπατος
1975 3107 2008 3184 δ’
2032 3106 2120 3179 ἀίων
2145 3109 2199 3178 in-

511 3249 728 3340 telligeretis
753 3244 903 3317 verbum
934 3245 1204 3318 substantivum.
1262 3243 1426 3318 Dubitari
1459 3255 1580 3320 autem
1612 3257 1748 3344 potest,
1782 3271 1826 3320 an
1852 3256 1936 3344 post
1964 3243 2109 3333 ὀξυβόαν
2136 3267 2199 3318 ex-

514 3384 639 3458 ciderit
669 3379 946 3470 hemistichium,
980 3379 1046 3450 hac
1077 3381 1268 3473 sententia,
1301 3383 1387 3474 μέγα
1412 3389 1591 3469 θυμοῦται.
1648 3381 1756 3478 quue
1781 3383 2011 3458 confirmatur
2035 3383 2197 3454 fortasse

514 3542 561 3591 eo
592 3515 690 3610 quod
719 3516 757 3586 in
787 3514 912 3587 codice
937 3511 986 3588 ht
1014 3517 1213 3610 ceterisque
1243 3519 1397 3614 anhquis
1427 3520 1524 3591 libris
1556 3541 1684 3592 versus
1716 3522 1765 3592 ita
1797 3483 1953 3591 distincti
1982 3527 2082 3606 sunt⁷
2116 3518 2197 3607 νόον

516 3641 786 3732 ὀξυβόανΙνῶνδε
807 3641 969 3728 μετοίκων
985 3639 1259 3734 όστερόποινσν.“

644 3768 693 3838 At
722 3769 877 3862 primum
907 3777 1043 3840 certum
1074 3777 1146 3856 est,
1180 3773 1275 3844 nullo
1306 3781 1411 3866 pacto
1438 3769 1521 3866 ἀίων
1551 3796 1618 3868 pro
1649 3771 1731 3853 ἀΐει,
1767 3796 1858 3868 quoe
1883 3771 2081 3846 Hermonni
2112 3793 2197 3843 sen·

516 3906 628 3978 tentia
653 3911 727 3988 est,
753 3901 872 3974 dicere
893 3901 1112 3997 Aeschylum
1139 3907 1316 3999 potuisse,
1340 3907 1375 3980 id
1398 3909 1493 4000 quod
1514 3911 1593 4004 ipse
1615 3907 1755 3980 uidetur
1776 3909 1933 3982 sensisse
1956 3907 2197 3996 Hennannus,

516 4043 568 4112 ita
590 4047 630 4110 ut
652 4037 912 4110 hemistichium
936 4039 1111 4112 excidisse
1133 4040 1172 4110 in
1194 4061 1310 4134 eoque
1332 4045 1490 4138 positum
1515 4043 1664 4116 verbum
1687 4043 1823 4114 finitum
1840 4064 1922 4114 esse
1944 4041 2195 4135 suspicaretur.

517 4175 616 4269 Ergo
646 4175 716 4246 hoe
750 4172 893 4266 quidem
930 4173 1080 4246 dubitari
1101 4159 1254 4268 'nequis
1289 4179 1372 4270 quin
1403 4199 1513 4249 unum
1548 4180 1595 4250 sit
1628 4179 1732 4249 huius
1766 4181 1834 4250 loci
1865 4177 2017 4250 verbum
2047 4175 2196 4266 finimur,

518 4317 663 4402 πέμπει,
697 4309 752 4381 cui
787 4307 946 4380 additum
979 4309 1028 4380 sit
1061 4311 1302 4405 participium,
1337 4309 1434 4394 ἀΐων,
1469 4313 1641 4408 participii
1676 4335 1784 4386 sensu
1820 4315 1995 4408 positum,
2028 4313 2195 4404 nulloque

518 4457 626 4549 pacto
658 4447 717 4516 ὅδε
747 4465 947 4540 pronomen
978 4465 1025 4515 ex
1058 4443 1126 4516 hoe
1158 4445 1240 4517 loco
1274 4445 1531 4522 exhuhandum
1565 4449 1621 4520 sit.
1682 4446 1915 4521 Nihilominus
1951 4449 2021 4520 hoc
2054 4445 2197 4540 quidem

520 4585 752 4658 manileshrm
776 4585 847 4668 est,
873 4579 1011 4652 nomini
1035 4579 1213 4669 μετοίκων,
1239 4582 1276 4655 id
1300 4581 1398 4678 quod
1424 4591 1520 4656 recte
1547 4579 1635 4656 udit
1660 4583 1905 4672 Bounomos,
1936 4603 2009 4660 non
2036 4585 2196 4677 potuisse

519 4719 663 4810 adiungi
691 4717 794 4789 ’νῶνδν
823 4739 1035 4814 pronomen
1097 4715 1200 4792 Unde
1231 4721 1315 4813 quid
1349 4719 1480 4792 certius
1514 4717 1678 4790 umcludi
1710 4729 1846 4814 potest,
1879 4739 1986 4812 quarn
2017 4717 2198 4790 lenissima

520 4857 719 4927 mutatione
744 4855 970 4930 scribendum
995 4877 1092 4928 esse:
1349 4849 1355 4866 '

1088 4981 1167 5074 γόον
1186 4979 1330 5070 ὀξυβόαν
1349 4982 1459 5054 τόνδε
1479 4983 1641 5070 μετοίκων

1087 5099 1327 5194 ὑστερόποινον
1348 5115 1408 5172 etc.
