4792 6150
1860 518 1911 624 n

355 765 477 858 Itaque
503 760 639 832 ἀΐων-
654 729 861 855 οἰωνόθροον
882 763 962 864 γόον
982 758 1123 848 ὀξυβόαν
1143 757 1238 830 τόνδε
1258 761 1420 846 μετοίκιον
1445 763 1514 836 hoc
1539 723 1648 840 sensu
1675 766 1809 842 dictum
1835 777 1909 844 est:

230 900 614 972 audiens'acutum
650 900 759 970 hunc
794 903 1025 970 clamorem
1060 892 1367 990 inquilinarum
1401 898 1559 988 avium,
1598 901 1621 973 i.
1648 924 1679 974 e.
1714 905 1909 1001 veniturum,

131 1007 136 1012 ’
229 1035 355 1128 quibus
381 1037 464 1135 pulli
490 1035 605 1130 erepti
631 1043 723 1108 sunt.
782 1033 957 1106 Dicuntur
988 1034 1081 1104 enim
1109 1034 1267 1104 vultures
1293 1033 1444 1118 μέτοικοι
1464 1041 1525 1105 τοῦ
1545 1033 1688 1129 οὐρανοῦ
1716 1040 1909 1131 (vocabulo

229 1173 324 1246 enim
350 1171 480 1254 ὅπατος
505 1172 654 1243 subesse
681 1171 772 1242 coeli
798 1171 981 1241 notionem
1014 1171 1145 1262 patet),
1178 1165 1380 1260 inquilini
1413 1171 1540 1260 coeli,
1574 1175 1670 1266 quod
1700 1176 1736 1246 in
1762 1175 1908 1249 aethere

227 1309 453 1407 potissimum
479 1315 671 1379 versentur
696 1311 732 1374 et
758 1305 917 1420 similiter
941 1303 978 1374 in
1004 1305 1112 1374 tutela
1137 1301 1286 1376 deorum
1312 1311 1484 1402 putantur
1509 1328 1591 1380 esse
1615 1315 1720 1401 atque
1743 1311 1928 1406 homines

227 1447 265 1516 in
290 1447 400 1517 tutela
425 1445 499 1514 sint
524 1444 601 1514 eius
633 1440 802 1525 civitatis,
838 1440 940 1512 cuius
967 1441 1118 1526 μέτοικοι
1148 1459 1231 1510 esse
1262 1438 1438 1513 dicmur.
1492 1443 1563 1518 Cir.
1588 1441 1695 1536 Soph.
1721 1443 1807 1520 Oed.
1833 1448 1908 1519 Col.
1945 1431 1976 1524 ¹.

227 1545 301 1654 934
326 1577 356 1651 εἰ
382 1580 608 1670 μὴριὲτοικος
633 1579 731 1667 τῆςόι
756 1581 814 1666 τῆς
840 1573 950 1666 χώρας
975 1577 1090 1657 θέλεις
1116 1569 1201 1644 εἶναι
1227 1573 1287 1665 βίᾳ
1308 1601 1344 1644 τε
1366 1571 1445 1660 κοόχ
1467 1574 1550 1646 ἑκών
1571 1585 1609 1664 θλ,
1633 1577 1678 1650 de
1703 1579 1774 1651 hoc
1798 1582 1908 1672 signi·

227 1718 333 1822 licutu
359 1713 524 1786 vocabuli
549 1713 704 1799 μέτοικος
725 1711 894 1783 Valclren.
914 1711 959 1781 ad
977 1708 1144 1782 Ammon.
1163 1731 1197 1802 p.
1221 1683 1296 1779 ilo
1312 1715 1347 1780 et
1365 1709 1471 1783 Wolf.
1491 1714 1536 1784 ad
1554 1711 1788 1787 Demosthcn.
1807 1713 1906 1810 Lepi.

226 1877 259 1952 p.
283 1841 412 1922 vall
435 1869 519 1942 sqq·
566 1845 706 1918 Deinde
737 1851 833 1918 recte
864 1845 1006 1939 quidem
1039 1845 1223 1918 admonuit
1254 1843 1497 1933 Hcrmannm,
1532 1853 1725 1940 παραβᾶσιν
1755 1869 1829 1921 non
1861 1850 1908 1922 ad

227 1989 374 2070 bestiae,
408 2005 500 2078 quue
530 1984 646 2077 pullos
671 1981 893 2072 abstulerint,
927 1980 994 2053 sed
1020 1981 1065 2052 ad
1098 1981 1260 2051 homines
1293 1981 1418 2053 reterri
1446 1981 1590 2075 debere,
1623 1991 1675 2073 at,
1709 1986 1804 2077 quod
1829 1985 1909 2079 ipse

227 2111 393 2208 censuit‚'
414 2120 460 2190 nd
486 2118 664 2189 Troianos
696 2116 731 2186 id
763 2125 942 2212 spectare,
976 2118 1034 2210 qul
1060 2115 1234 2188 Helenam
1267 2119 1448 2211 rapuerint
1480 2119 1614 2192 violato
1646 2122 1725 2191 iure
1755 2121 1908 2220 hospitii

225 2257 366 2354 probari
397 2271 472 2326 nou
503 2245 630 2348 posse,
664 2251 745 2323 inde
775 2260 937 2348 apparet,
968 2253 1065 2346 quod
1097 2259 1221 2345 poeta,
1255 2271 1337 2322 eum
1365 2275 1399 2325 r.
1423 2251 1473 2324 60
1499 2255 1552 2324 sie
1581 2259 1723 2347 pergat,
1757 2251 1909 2324 οὸιωδ·

229 2391 376 2484 Ἀτρέως
395 2393 522 2470 παῖδας
545 2386 564 2458 ό
586 2387 747 2479 κρείσσων
767 2384 825 2456 ἐπ’
852 2383 1060 2478 Ἀλεξάνδρῳ
1082 2389 1212 2472 πέμπει
1237 2393 1322 2476 etc,
1347 2388 1539 2460 luculenter
1565 2388 1736 2478 ostendit,
1762 2408 1803 2460 se
1828 2407 1911 2461 ver-

225 2528 278 2600 bis
297 2509 463 2621 proxime
480 2520 787 2618 praecedentibus7
811 2541 846 2594 v.
866 2518 1029 2594 [ιθ-59
1048 2517 1113 2590 olr’
1136 2521 1310 2603 διοιατίοις
1321 2561 1364 2576 -
1375 2519 1514 2613 Ἐρινύν,
1541 2524 1586 2595 de
1603 2523 1690 2595 solis
1707 2523 1908 2596 vulturibus

223 2665 379 2735 locutum
411 2677 505 2731 esse.
565 2655 689 2750 ltaque
717 2661 831 2763 patet,
866 2651 1076 2747 παραβάντες
1107 2655 1175 2728 diei
1207 2658 1369 2730 homines
1402 2659 1498 2748 illos,
1531 2660 1591 2753 qui
1617 2659 1778 2731 uultures
1803 2660 1907 2753 pullis

207 2793 427 2891 spoliarint,
462 2790 606 2884 ἀγρότας
632 2794 748 2867 dictos
774 2791 817 2864 ab
843 2790 1006 2863 Homero
1031 2789 1097 2864 Od.
1121 2787 1219 2880 XVI.
1241 2790 1318 2864 216
1336 2813 1405 2902 sq..
1440 2797 1557 2866 κλαῖον
1573 2797 1611 2866 δὲ
1628 2795 1760 2885 λιγέως,
1784 2791 1908 2864 όδινιο

223 2947 319 3017 τερον
339 2919 402 3014 ἢν
403 2918 565 3004 ὀἶαινολ,
587 2931 691 3016 φῆναι
712 2918 735 3014 ἢ
756 2919 907 3012 αἰγοπιοι
929 2916 1163 3012 γιιλιψιόινχις,
1188 2915 1294 2992 οἷοίτε
1310 2923 1409 2992 τέκνα
1426 2917 1567 3013 ἀγρόται
1589 2909 1769 3006 δξελλοντο,
1794 2919 1907 3015 πάρος

225 3043 367 3136 πετεηνὰ
389 3044 556 3144 γινόρδαι.

816 3140 818 3150 ’
960 3177 1000 3246 v.
1023 3175 1089 3246 104
1112 3195 1167 3263 sq.

600 3325 714 3423 κύριός
735 3325 803 3434 εἶμι
824 3333 943 3418 θροεῖν
963 3326 1056 3398 ὅδιον
1076 3325 1330 3419 κρότοςὀἰἰιιον
1353 3323 1480 3420 ἀνδρῶν

602 3447 766 3520 ἐντολέων.

348 3610 426 3682 lure
444 3627 484 3682 se
501 3631 611 3706 posse
629 3631 711 3681 cum
734 3608 867 3679 chorus
890 3573 976 3678 dicit
1000 3625 1284 3678 commemorare
1308 3604 1401 3675 ὅδιον
1422 3604 1543 3698 κράτος
1560 3612 1644 3699 etc.⁷
1670 3607 1740 3680 lroc
1762 3607 1925 3717 videtur¹

223 3745 437 3838 significare,
471 3747 544 3817 suis
579 3747 691 3840 ipsius
728 3743 840 3815 cerdis
877 3763 917 3812 se
951 3739 1085 3812 vidisse
1117 3740 1211 3816 ὅδιον
1236 3739 1359 3830 κράτος
1390 3749 1455 3812 etc.
1518 3739 1656 3812 Deinde
1686 3743 1741 3812 his
1773 3744 1906 3836 verbis,

222 3882 315 3952 ὅδιον
345 3881 466 3974 κράτος
502 3879 613 3952 αλόιον
647 3877 776 3971 ἀνδρῶν
812 3879 969 3948 ἐντολέων
1001 3897 1075 3948 ιιοιι
1109 3875 1343 3968 significatur,
1383 3876 1479 3968 quod
1513 3875 1722 3949 Schuetzius
1756 3880 1906 3972 putavit,

100 4087 106 4096 .
223 3999 411 4087 faustum
454 4018 697 4113 principum
734 4013 785 4084 ad
821 4012 975 4084 bellum
1018 4013 1402 4106 proficiscentium
1443 4011 1590 4104 robur,
1634 4033 1766 4106 neque,
1807 4012 1905 4106 quod

222 4148 410 4240 anziuS‚
451 4153 646 4223 faustum
677 4151 759 4230 iter
793 4147 1036 4242 principum
1071 4147 1220 4219 fausto
1256 4147 1398 4219 omine
1434 4145 1712 4240 affectorum,
1752 4145 1833 4238 sed,
1867 4145 1905 4220 id

222 4285 317 4378 quod
341 4288 499 4359 tenuisse
526 4251 673 4358 multum
701 4283 865 4377 proiecto
892 4282 1018 4373 refert,
1053 4282 1199 4352 fausta
1230 4287 1428 4377 potestas
1460 4280 1616 4353 ominis
1648 4282 1798 4374 viatici
1830 4284 1907 4354 ‹lu-

222 4440 330 4509 cum,
365 4422 402 4492 id
434 4430 491 4494 est
521 4385 668 4493 fausta
700 4419 775 4490 ille
802 4418 1005 4506 (victoriam
1031 4417 1269 4511 portendens)
1305 4423 1501 4512 potestas
1534 4416 1612 4488 sive
1645 4417 1711 4486 vis
1743 4419 1905 4490 ominis

221 4561 319 4626 ante
353 4557 494 4650 ipsum
529 4555 779 4626 discessum
816 4551 995 4622 ducibus
1033 4551 1185 4625 oblati.
1245 4549 1353 4638 Quod
1385 4551 1482 4622 enim
1513 4571 1622 4646 supra
1653 4549 1741 4622 dixit
1773 4553 1904 4623 chorus

220 4709 254 4761 ν
274 4686 325 4758 60
342 4705 411 4782 sq.⁷
437 4711 459 4762 a
482 4690 570 4762 love
593 4690 725 4761 missos
748 4685 893 4758 Atridas
917 4705 999 4758 esse
1023 4687 1196 4760 adversus
1219 4686 1399 4778 Paridem
1425 4685 1606 4782 idipsum
1633 4653 1731 4756 mne
1753 4687 1908 4783 explicat

220 4826 285 4912 ita,
321 4831 360 4896 ut
391 4827 541 4916 augurio
570 4825 648 4916 illc,
682 4823 727 4896 de
757 4843 829 4915 quo
863 4824 1037 4917 loquitur,
1068 4823 1193 4918 equilis
1225 4822 1310 4910 illis,
1344 4842 1435 4915 quae
1460 4801 1497 4892 in
1523 4825 1668 4896 enesim
1694 4830 1819 4896 moute
1845 4844 1907 4918 ap·

219 4959 400 5056 paruerint
434 4960 604 5033 exercitui
638 4958 863 5054 profectum,
898 4956 1130 5064 significatam
1166 4974 1247 5029 esse
1283 4960 1505 5030 voluntatem
1540 4958 1634 5028 illam
1669 4957 1765 5068 lovis
1801 4957 1907 5048 dicat,

218 5095 364 5169 Atridas
390 5097 468 5198 iure
493 5096 621 5168 bellum
647 5094 781 5167 inferre
806 5091 921 5167 Puridi
948 5094 1182 5166 ostendentis.
