4838 6120
1702 573 1708 586 ἱ
1878 509 1931 615 n

1742 613 1748 624 l

249 760 435 864 optabunt,
460 769 500 834 ut
525 759 602 835 dies
626 761 729 834 nocti
752 760 860 834 metri
885 757 1012 830 similis
1037 764 1142 829 esset.
1188 755 1297 844 Quod
1324 775 1406 829 urm
1432 761 1489 831 hic
1512 767 1614 856 optat
1631 763 1932 855 Clytaemnestra,

250 903 341 974 irene
364 898 563 974 nomadum
586 903 658 984 cst,
684 895 779 968 allud
805 915 884 967 earn
911 916 933 964 a
959 894 1071 966 choro
1096 893 1190 966 vene
1214 891 1376 984 intelligi,
1402 892 1495 964 allud
1520 899 1636 992 ipsam
1662 897 1698 968 in
1724 903 1847 970 mente
1869 899 1930 1005 na.

250 1039 343 1110 bere.
388 1037 506 1110 cnoro
532 1034 628 1106 enim
652 1034 720 1106 lroc
745 1031 859 1104 voluit
883 1029 1007 1136 videri!
1022 1049 1064 1101 se
1087 1037 1229 1124 optare,
1256 1035 1310 1112 ut,
1337 1025 1635 1121 quemadmodum
1662 1041 1770 1106 noctu
1797 1033 1930 1106 Troiae
1977 1060 1982 1069 ·

250 1171 426 1245 excidium
452 1171 651 1242 nuntiatum
678 1173 791 1258 esset,
817 1168 866 1238 ita
891 1165 951 1237 dle
973 1187 1039 1260 per
1064 1187 1277 1260 praeconem
1304 1167 1420 1238 laetus
1446 1168 1493 1240 de
1515 1168 1671 1241 instante
1694 1169 1935 1270 Agamemno·

251 1311 306 1380 nis
342 1309 456 1381 reditu
494 1305 636 1377 nuntius
679 1301 883 1388 offerentum
926 1309 1065 1397 poterut
1105 1303 1199 1376 euim
1239 1304 1402 1396 quamvis
1442 1305 1564 1375 excisa
1598 1303 1707 1376 Troia
1740 1311 1860 1376 tamen
1895 1305 1932 1375 in

251 1445 365 1518 reditu
390 1442 506 1540 perire
532 1441 706 1518 exereitus
731 1437 948 1530 Argivorum
976 1427 1154 1512 unacum
1182 1457 1282 1529 rege,
1309 1439 1408 1512 cuius
1435 1447 1555 1522 metus
1580 1461 1619 1514 se
1645 1460 1721 1512 non
1748 1447 1931 1540 expertem

251 1603 332 1654 esse
358 1581 645 1672 Clytaemnestra
671 1577 720 1646 ait
744 1595 778 1648 v.
805 1571 877 1644 341
904 1595 979 1667 sqq.
1007 1571 1091 1666 ἔρως
1117 1575 1155 1643 δὲ
1179 1571 1226 1664 μή
1252 1601 1307 1675 τις
1329 1575 1493 1669 πρότερον
1520 1575 1671 1668 ἐμπίπτῃ
1694 1585 1824 1668 στρατῷ
1849 1583 1932 1667 etc.;

249 1718 328 1811 ipsa
358 1737 449 1788 vero
480 1715 548 1786 hoc
579 1717 694 1808 optat,
729 1718 768 1780 ut
799 1729 946 1783 reverso
973 1709 1242 1813 Agamemnone
1272 1689 1348 1782 voti
1379 1712 1437 1780 sui
1464 1733 1612 1806 compos
1638 1710 1714 1802 fiat,
1749 1711 1785 1782 id
1812 1719 1933 1784 estut

251 1851 439 1924 consilium
457 1871 561 1920 suum
580 1846 860 1940 Agamemnonis
879 1843 1063 1922 occidendi
1081 1845 1171 1918 bene
1185 1833 1425 1938 exsequatur,
1450 1867 1535 1940 ergo
1558 1846 1654 1917 idem
1677 1853 1784 1940 atque
1808 1849 1933 1920 extulit
1994 1918 1999 1952 4

252 2007 372 2061 (torum
398 1987 477 2080 ipso
503 1984 771 2075 Agamemnone
796 2001 947 2058 reverso
973 2003 1008 2056 v.
1034 1978 1122 2054 973:
1159 1987 1241 2061 zen,
1274 1987 1343 2054 Ζεῦ
1368 1984 1488 2062 ansts,
1514 1983 1574 2065 τὰς
1601 1983 1683 2068 ἐμὰς
1710 1981 1808 2070 εὐχὰς
1833 1988 1933 2057 τέλει.

252 2123 360 2194 Addit
386 2128 505 2194 autem
532 2119 691 2193 membro
717 2121 781 2209 inl,
812 2140 884 2212 quo
913 2119 1117 2192 continetur
1148 2121 1324 2211 opimum
1357 2119 1418 2206 μέν
1444 2122 1667 2213 partiendam,
1702 2122 1862 2208 minime,
1897 2123 1932 2194 id

251 2257 347 2351 quod
373 2263 457 2327 sunt
482 2255 540 2348 qui
568 2257 715 2328 credant
740 2257 968 2352 interpretes⁷
1001 2259 1043 2324 ut
1070 2253 1104 2324 ci
1130 2253 1296 2348 opposita
1322 2255 1368 2324 sit
1396 2257 1435 2326 dt
1459 2259 1647 2350 particula,
1679 2279 1771 2350 quae
1796 2281 1831 2334 v.
1855 2258 1932 2331 266

250 2395 391 2485 iegitur,
425 2413 552 2465 verum
584 2413 629 2464 ea
659 2391 872 2487 mammem,
907 2409 1067 2484 quaese
1099 2391 1215 2466 veoeri
1246 2381 1345 2482 fingit
1376 2413 1409 2464 v.
1439 2386 1510 2462 all
1540 2413 1614 2486 sqq.
1669 2391 1802 2466 Sensus
1838 2397 1932 2468 enim

252 2545 424 2605 versuum
440 2521 654 2626 nolam
674 2524 731 2602 iric
754 2535 826 2598 est:
850 2527 1012 2597 utinaln
1036 2524 1204 2618 quidem
1225 2529 1326 2620 (opto
1348 2529 1510 2621 quniem)
1537 2529 1628 2599 dies
1651 2531 1735 2599 tarn
1757 2527 1931 2603 faustus

251 2668 322 2754 sit,
357 2685 478 2758 quam
512 2681 597 2736 non
631 2663 729 2735 init!
790 2661 886 2734 nuit
919 2681 1039 2752 vero,
1079 2666 1123 2732 ut
1157 2657 1323 2754 audies,
1363 2683 1445 2736 nox
1480 2665 1769 2757 intrstlssima‚
1800 2683 1933 2764 supra
1973 2733 1982 2752 ,
2124 2685 2131 2700 ¹

252 2789 375 2896 quam
399 2801 568 2896 sperari
594 2800 733 2894 potuit
757 2795 930 2871 felicem
958 2799 1150 2870 nuntium
1177 2798 1387 2870 afferens.
1441 2799 1614 2873 Troiam
1640 2801 1752 2873 enirn
1778 2800 1931 2895 Argivi

250 2943 569 3033 expugnarunt.
631 2935 697 3010 His
731 2935 902 3030 expositis
935 2933 1060 3006 inutile
1091 2931 1198 3020 duco,
1232 2934 1389 3006 refutare
1418 2936 1509 3006 mira
1539 2935 1715 3030 quaedam
1747 2937 1931 3010 hominurn

251 3073 439 3147 doctorum
464 3065 513 3144 de
537 3073 710 3146 hocloco
738 3079 948 3156 commenta
1007 3067 1125 3141 Unum
1157 3069 1225 3142 boc
1256 3069 1363 3158 audo,
1396 3069 1607 3144 infinitivum
1640 3069 1750 3143 κλΰιιν
1773 3093 1863 3167 nou,
1893 3079 1935 3146 ut

253 3207 525 3294 Schneidewin
552 3209 674 3281 viem
705 3215 777 3300 cat,
811 3228 856 3280 ex
887 3207 1033 3280 nomine
1063 3203 1175 3298 χάρμα
1207 3213 1330 3301 aptum
1361 3224 1458 3300 esse,
1492 3207 1557 3282 sed
1590 3229 1636 3282 ex
1668 3208 1791 3284 verbis
1819 3215 1934 3300 μεῖζον
2046 3289 2049 3304 y

252 3345 404 3430 ἐλπίδος,
432 3347 511 3418 sive
527 3367 573 3418 ex
590 3367 635 3418 eo
653 3347 779 3434 verbo,
803 3345 900 3440 quod
915 3343 1055 3417 duobus
1073 3343 1141 3414 ffis
1161 3343 1377 3430 continetur,
1403 3345 1473 3418 hoc
1490 3345 1590 3420 mco:
1615 3343 1825 3420 ἀνέλπιστον.
1872 3347 1932 3421 Sic

253 3481 452 3556 ἀνέλπιστον
471 3489 597 3569 μαθεῖν
622 3479 838 3555 dictumest
864 3481 969 3578 Soph.
993 3477 1118 3554 Trech.
1143 3477 1219 3552 ml
1245 3481 1382 3573 aliaque
1412 3481 1564 3576 plurima
1590 3484 1749 3557 eiusdem
1777 3487 1933 3580 generis,

254 3641 345 3716 quae
370 3621 536 3714 congessi
560 3618 605 3691 ad
628 3617 735 3714 Soplu
752 3615 898 3691 Pmoet.
917 3614 1002 3690 820.
1043 3617 1167 3712 ltaque
1190 3612 1303 3709 grinon
1322 3620 1438 3704 μεῖζον
1457 3619 1594 3702 ἐλπίδος
1615 3617 1725 3692 κλύειν
1750 3628 1808 3693 est
1832 3643 1935 3714 gau·
2015 3696 2017 3702 ,
2054 3665 2060 3698 .

255 3755 367 3828 diurn
394 3754 502 3850 quod
527 3775 612 3828 non
638 3751 888 3849 speraveris
914 3761 955 3824 te
980 3751 1236 3826 auditurum.

904 3967 912 3983 ⁸
1021 3969 1062 4038 V.
1083 3969 1162 4042 278.

708 4119 812 4197 ποίοιν
831 4119 952 4212 χρόνον
974 4121 1012 4192 όὲ
1033 4122 1090 4192 κτλ
1111 4119 1330 4211 πεπόρθηται
1350 4121 1471 4206 πόλιςς

381 4289 788 4370 mte‘selneidewlnns
817 4295 876 4364 mi
900 4299 1151 4393 interpretatur
1177 4301 1247 4372 sic:
1282 4299 1391 4372 tlenn
1422 4255 1661 4370 nuneben.
1714 4295 1830 4370 immo
1851 4295 1936 4371 bre-

126 4415 139 4484 l
255 4437 357 4534 vitati
381 4425 529 4506 studens
555 4439 665 4530 poeta
687 4435 757 4508 hoc
783 4433 885 4506 dicit:
922 4437 1035 4506 scire
1060 4457 1166 4509 vero
1192 4437 1322 4510 etiam
1347 4437 1427 4510 hoc
1451 4435 1598 4527 velim,
1633 4443 1936 4530 quotetnpure

252 4569 354 4641 urbs
379 4576 625 4668 expugnatu
649 4571 721 4642 sit.

973 4713 1015 4788 V.
1038 4717 1108 4789 330
1130 4739 1206 4808 sqq.

673 4885 751 4967 τοὺς
773 4877 806 4954 δ’
830 4876 909 4954 crite
932 4883 1189 4978 νυκτίπλαγκτος
1211 4883 1247 4958 λιι
1267 4884 1375 4978 μάχης
1396 4887 1500 4970 πόνος

678 5001 806 5096 νήστεις
827 5003 914 5098 πρὸς
936 4999 1133 5095 ἀρίστοισιν,
1159 4997 1209 5076 ὦν
1230 4999 1311 5092 ἔχει
1333 5001 1466 5089 πόλις,

672 5121 802 5207 τόσσοι,
827 5121 913 5216 πρός
935 5121 1032 5196 οὐδὲν
1053 5125 1088 5195 λι
1109 5127 1204 5222 μέρει
1224 5123 1409 5219 τεκμήριον.
