4792 6150
476 497 502 584 i

477 729 587 826 inepti
618 733 680 800 aut
710 728 863 802 contorti
893 750 915 800 a
946 728 1097 802 custode
1127 732 1186 803 illo
1217 733 1394 827 prolatum
1426 734 1664 828 opinaremur.
1725 737 1833 810 dnus
1861 741 2005 832 quidem
2031 743 2159 837 mlpae

476 885 548 939 non
573 865 717 938 omnino
743 869 907 959 expertes
933 865 1021 936 mihi
1045 863 1215 937 videntur
1239 887 1337 958 esse,
1371 870 1432 962 qui
1458 870 1706 942 recentissima
1729 877 1846 946 aetate
1874 875 1967 947 hauc
1996 876 2155 950 subulam

475 999 695 1095 interpretati
721 1003 822 1088 sunt,
847 997 898 1070 ita
922 1007 962 1070 ut
987 1001 1025 1070 in
1051 1001 1185 1094 aliquot
1209 1003 1297 1074 locis
1324 1004 1479 1098 prologi,
1503 1003 1589 1098 quid
1613 1003 1818 1100 Aeschylus
1843 1010 1962 1084 dicere
1986 1014 2154 1106 voluerit,

474 1135 636 1211 nondum
658 1133 748 1206 satis
773 1141 1000 1230 perspectum
1027 1143 1158 1230 putem.
1210 1135 1351 1233 initium
1377 1145 1498 1210 autem
1521 1141 1675 1236 prologi,
1701 1143 1748 1216 de
1769 1165 1840 1239 quo
1863 1147 2018 1240 primum
2039 1148 2155 1221 disse·

474 1272 626 1344 rendum
652 1269 810 1362 videtur,
835 1269 905 1342 hoo
929 1277 999 1341 est:

895 1501 1002 1581 Θεοὺς
1021 1503 1083 1586 μὲν
1102 1498 1185 1568 αίταῖ
1205 1498 1303 1570 τῶνδ’
1327 1499 1524 1604 άπαλλογὴν
1543 1503 1655 1576 πόντον

891 1625 1043 1710 φρουρᾶς
1064 1620 1172 1700 ἐτείας
1191 1624 1313 1708 μῆκος,
1338 1615 1377 1709 ἣν
1397 1620 1602 1708 κοιμώμενος

890 1739 1020 1826 στέγαις
1035 1735 1214 1829 Ἀτρειδῶν
1234 1734 1412 1820 ἀνέκαθεν,
1435 1741 1532 1822 κυνός
1553 1741 1657 1832 δίκην,

889 1849 1021 1944 άοτρων
1041 1853 1180 1925 κάτοιδα
1202 1859 1364 1947 νυκτέρων
1385 1855 1545 1948 ὁμήγυριν

822 2005 837 2049 ι
889 1976 1042 2056 καὶτοὺς
1064 1977 1227 2067 φέροντας
1245 1983 1345 2063 χεῖμα
1366 1979 1422 2046 καί
1443 1980 1548 2066 θέρος
1566 1985 1702 2066 βροτοῖς

885 2095 1060 2185 λαμπροὺς
1080 2093 1257 2177 δυνάστας,
1281 2097 1514 2184 ἐμπρέποντας
1535 2095 1691 2190 αίθίριἾ.

887 2213 945 2282 καί
965 2219 1022 2282 νῦν
1043 2213 1204 2303 φυλάσσω
1226 2213 1404 2300 λαμπάδος
1425 2216 1463 2284 τὸ
1485 2213 1662 2302 σύμβολον,

886 2329 989 2422 αὐγὴν
1009 2333 1116 2422 πυρὸς
1138 2334 1308 2424 φέρουσαν
1329 2335 1366 2402 ἐκ
1390 2333 1515 2426 Τροίας
1538 2335 1639 2424 φάτιν

887 2445 1057 2534 άλιόοιμόν
1077 2478 1113 2520 τε
1133 2450 1248 2538 βάξιν·
1280 2443 1346 2521 ὦδε
1366 2453 1429 2546 γάρ
1451 2461 1565 2542 κρατεῖ

888 2569 1041 2660 γυναικός
1062 2565 1287 2661 ἀνδρόβουλον
1307 2569 1444 2654 ἐλπίζον
1460 2573 1553 2660 κέαρ.

884 2681 951 2758 εὖτ’
975 2684 1016 2756 ίίν
1037 2691 1075 2757 δὲ
1096 2688 1357 2778 νυκτίπλαγκτον
1377 2685 1536 2780 ἔνδροσόν
1555 2687 1588 2758 τ’
1611 2687 1675 2775 ἔχω

884 2803 994 2896 εὐνήν,
1017 2801 1160 2898 ὀνείροις
1181 2803 1241 2884 οὐκ
1262 2808 1560 2898 ἐπισκοπουμένην,

881 2923 979 3016 ἐμήν·
1001 2923 1111 3016 φόβος
1131 2927 1195 3019 γάρ
1216 2922 1297 2994 ἀνθ’
1319 2925 1426 2996 lmen
1448 2931 1667 3018 παραστατεῖ,

882 3045 921 3114 τὸ
941 3045 988 3136 po)
1008 3043 1155 3131 βεβαίως
1173 3046 1330 3136 βλέφαρα
1351 3051 1531 3132 συμβαλεῖν
1550 3045 1660 3136 duros·

881 3163 962 3232 ὅταν
983 3160 1015 3232 δ’
1039 3159 1165 3234 άτίδειν
1185 3160 1209 3254 ἢ
1227 3165 1431 3258 μινύρεσθαι
1450 3169 1551 3244 δοκῶ,

880 3281 988 3352 ι’ίπνου
1009 3279 1081 3352 τόδ’
1104 3280 1309 3370 ἀντίμολπον
1329 3285 1489 3371 ἐντέμνων
1509 3281 1600 3365 ἄκος,

878 3398 969 3470 κλάαι
990 3398 1058 3472 τότ’
1082 3399 1177 3472 οἴκου
1197 3407 1296 3473 τοῦδε
1317 3403 1495 3496 συμφοράν
1515 3404 1645 3482 στένων,

879 3514 939 3602 οὐχ
961 3514 1006 3600 ὦς
1025 3520 1069 3588 τὰ
1089 3517 1217 3612 πρόσθ’
1240 3517 1362 3610 άριοτα
1384 3523 1659 3608 διαπονουμένου.

879 3751 1057 3846 εὐαγγέλου
1079 3759 1239 3848 φανέντος
1260 3755 1424 3852 ὀρφναίου
1445 3753 1563 3848 πυρός.

586 3999 681 4070 Ante
715 3999 802 4074 solis
836 4007 953 4073 ortmn
989 4002 1090 4073 ooelo
1124 4004 1308 4074 etiamtum
1343 4001 1497 4076 obscuro
1527 3999 1733 4092 cogitandis
1760 4005 1818 4072 est
1842 3995 2040 4088 excubitor,
2074 3998 2134 4092 qui

459 4135 644 4230 pmlogum
670 4134 759 4226 egit,
789 4135 947 4208 intecto
973 4137 1102 4210 domus
1129 4137 1409 4230 Agamemnonis
1441 4135 1652 4210 recumbens
1678 4133 1766 4208 haec
1791 4134 1969 4230 prolerre,
1999 4141 2035 4206 et
2059 4135 2135 4228 qui·

457 4269 555 4360 dem,
586 4267 680 4364 quod
711 4271 867 4343 maxime
900 4271 1091 4344 tenendum
1119 4279 1176 4345 est
1206 4273 1271 4344 sed
1301 4277 1500 4365 neglectrnn
1526 4294 1549 4342 a
1573 4271 1830 4344 recentissimis
1856 4268 2066 4358 editoribus,
2096 4271 2132 4338 in

457 4405 536 4500 ipso
568 4405 666 4478 initio
698 4407 782 4478 anni
813 4406 940 4480 decimi
971 4405 1163 4480 obsidionis
1195 4405 1334 4480 Troiae.
1395 4409 1484 4482 Cum
1516 4407 1609 4480 enim
1635 4405 1784 4480 Calchas
1816 4425 1864 4476 ex
1888 4405 2038 4497 augurio
2063 4403 2133 4494 ille,

456 4539 503 4610 de
528 4561 599 4634 quo
624 4541 829 4639 expositum
855 4543 898 4614 ab
925 4543 1085 4616 Homem
1113 4539 1545 4636 estu.11,299-330,
1576 4541 1790 4612 vaticinatus
1822 4547 1936 4630 esset,
1966 4539 2062 4628 tore,
2092 4545 2133 4609 ut

454 4697 519 4770 per
536 4696 669 4748 novem
687 4699 801 4751 armos
819 4676 946 4752 Graeci
964 4677 1110 4751 Troiam
1127 4677 1344 4765 obsiderent,
1366 4679 1489 4774 elapso
1506 4683 1627 4751 autem
1645 4697 1742 4750 anno
1759 4697 1857 4750 nono
1875 4683 2131 4770 expugnarent,

573 5049 603 5114 ⁸)
621 5047 684 5102 i’ost
700 5047 768 5102 bose
785 5067 888 5104 versum
905 5051 932 5102 in
950 5049 1080 5102 codicibus
1098 5051 1139 5104 bie
1157 5051 1257 5104 sdditus
1274 5059 1328 5102 est:
1355 5045 1483 5122 δσιέραι,
1505 5043 1574 5102 bras
1590 5049 1745 5120 pdlsusw,
1767 5043 1883 5108 ἅντσῖᾶτ
1900 5063 1929 5102 τε
1946 5045 2012 5100 νῦν.
2048 5043 2129 5110 (luen

453 5135 556 5204 quidese
574 5151 677 5190 versum
695 5151 748 5188 ιισιι
766 5153 824 5190 esse
842 5137 874 5190 sb
892 5133 1023 5202 Aeschylo
1042 5137 1178 5202 seriptum,
1197 5135 1257 5189 mibi
1276 5135 1376 5204 quidem
1395 5135 1509 5204 plurimis
1528 5135 1560 5189 de
1579 5137 1661 5188 crusis
1680 5137 1847 5188 certissimus·
1864 5132 1973 5186 videtur.
