4792 6150
379 1660 532 1873 nn
570 1741 1063 1876 naseam
1127 1733 1825 1872 nenunmnonn
1872 1645 1879 1658 ‘

614 2083 949 2238 llsslltmlltl·
975 2081 1167 2188 tltllltl
1212 2081 1269 2186 ll
1315 2077 1600 2184 tlltllltt.

936 2515 1267 2548 mmmwwvlmnmwm

410 2844 465 2959 In
491 2887 661 2980 Aeschyli
687 2888 956 2982 Agamemnone
980 2889 1099 2966 faula
1125 2897 1160 2961 et
1186 2887 1408 2962 emendanda
1433 2891 1470 2957 et
1496 2879 1706 2978 explicanda
1731 2896 1943 2971 quamquam

274 3047 348 3098 non
373 3026 476 3118 pauci
502 3023 569 3096 viri
597 3023 723 3096 eruditi
750 3027 856 3100 etiam
872 3026 1128 3099 recentissima
1152 3031 1267 3098 aetate
1298 3025 1437 3116 egregie
1467 3021 1687 3106 laborarunt,
1722 3023 1841 3084 tamen
1871 3017 1943 3082 tam

275 3163 373 3233 multi
399 3163 466 3234 loci
492 3162 694 3231 etiamnunc
721 3161 958 3256 reperiuntur,
990 3163 1048 3254 qui
1075 3183 1141 3234 nec
1168 3161 1345 3255 explanari
1372 3163 1467 3231 racte
1492 3178 1558 3229 nec
1583 3151 1761 3228 emendati
1787 3151 1872 3240 sint,
1905 3155 1943 3218 ut

276 3317 347 3370 non
383 3297 451 3366 iarn
492 3295 611 3366 fabula
651 3296 707 3366 illa
742 3297 928 3369 commode
967 3299 1003 3368 in
1037 3299 1165 3369 scholis
1200 3297 1269 3390 legi
1303 3319 1325 3367 a
1359 3295 1536 3390 discipulis
1572 3299 1608 3364 et
1647 3288 1789 3378 intelligi
1822 3283 1943 3379 possit.

275 3431 397 3503 Multis
424 3438 542 3502 autern
569 3431 613 3502 de
640 3431 776 3502 caussis
804 3451 885 3503 cum
912 3453 983 3502 una
1009 3434 1166 3506 omnium
1193 3433 1398 3524 dignissima
1422 3430 1484 3518 sit,
1510 3450 1600 3521 quae
1624 3429 1760 3518 legatur
1782 3423 1820 3492 in
1842 3420 1945 3492 scho-

275 3569 334 3654 lis,
361 3567 442 3636 data
466 3567 531 3636 lrac
553 3567 817 3662 opportunitate
841 3568 1099 3641 dissertationis
1124 3567 1330 3642 scribendae
1352 3568 1472 3640 facere
1496 3565 1581 3637 milri
1605 3565 1703 3635 visus
1728 3582 1823 3644 sum,
1850 3553 1945 3650 quod

277 3723 349 3774 non
375 3702 528 3772 alienum
555 3708 651 3772 esset
676 3724 697 3772 a
722 3704 917 3776 commodis
944 3705 1159 3794 scholarum,
1194 3707 1225 3776 si
1250 3727 1293 3777 ea
1317 3725 1398 3776 cum
1424 3703 1510 3774 viris
1538 3701 1650 3774 doctis
1684 3695 1945 3772 communicare

277 3838 483 3930 inciperem,
509 3857 599 3928 quae
625 3837 670 3906 ad
697 3837 889 3911 faciliorem
915 3839 1131 3911 intellectum
1158 3841 1298 3912 fabulae
1324 3842 1412 3911 illius
1439 3839 1603 3911 conferre
1629 3836 1842 3908 viderentur.

405 3969 477 4056 Qni
503 3969 688 4062 diligenter
705 3975 862 4064 *tragicos
882 3975 1039 4050 Graecos
1066 3978 1203 4068 legerit,
1229 3998 1310 4048 eum
1328 3997 1401 4049 non
1418 3981 1539 4068 potest
1554 3976 1680 4062 latere,
1706 3991 1787 4042 urm
1807 3973 1945 4040 eeteros

278 4107 446 4196 tragicos,
477 4113 551 4176 tum
569 4107 747 4202 imprimis
775 4107 992 4204 Aeschylum
1019 4133 1146 4202 magna
1173 4133 1255 4184 cum
1282 4117 1358 4182 arte
1385 4109 1544 4180 lromincs
1571 4108 1615 4180 de
1642 4103 1760 4201 plebe,
1792 4125 1883 4198 quos
1910 4103 1948 4172 in

278 4261 423 4316 scenam
451 4241 629 4334 produxit,
660 4242 709 4314 ita
732 4245 917 4334 loquentes
946 4247 1090 4333 secisse,
1122 4253 1176 4330 ut,
1207 4255 1376 4339 quantum
1403 4267 1467 4340 per
1498 4243 1718 4320 maiestatem
1744 4239 1947 4332 tragoediae

281 4379 417 4460 liceret,
449 4397 493 4448 eo
519 4383 701 4450 uterentur
725 4397 905 4470 sermone,
936 4383 994 4473 qui
1020 4380 1129 4476 plebis
1162 4383 1325 4478 proprius
1351 4381 1486 4456 solebat
1513 4399 1605 4452 esse.
1664 4375 1849 4451 Eiusmodi
1873 4395 1948 4450 ser·

280 4532 389 4585 mone
414 4509 520 4582 etiarn
547 4511 747 4603 custodem„
773 4515 831 4605 qui
853 4517 1044 4608 prologum
1073 4515 1348 4608 Agamemnonis
1375 4517 1513 4588 fabulae
1540 4516 1625 4607 agit,
1646 4534 1756 4588 ,usum
1783 4510 1947 4596 videmus

279 4646 345 4734 ita,
371 4653 409 4722 ut
434 4645 529 4722 etin
553 4643 670 4716 verbis
689 4647 889 4739 ,religendis
905 4651 1010 4722 ,etin
1039 4651 1141 4722 rebus
1168 4649 1407 4727 describendis
1435 4649 1758 4741 coniungendisque
1779 4669 1853 4730 nen
1875 4654 1949 4724 tarn

282 4781 348 4852 viri
383 4781 479 4854 docti
513 4785 713 4850 accuratam
756 4782 968 4874 diligentiam
1003 4807 1110 4878 quam
1146 4785 1406 4878 simplieitatem
1446 4787 1604 4858 nativam
1639 4773 1788 4856 hominis
1825 4781 1949 4876 plebeii

274 4913 497 5009 sequeretur.
549 4913 658 5000 Quod
688 4935 903 5010 quamquam
936 4922 1171 4993 certissimum
1198 4927 1254 4990 est
1284 4921 1571 5015 intellectumque
1596 4921 1667 4991 iam
1693 4941 1714 4989 a
1739 4915 1949 5011 quibusdam

281 5051 547 5145 interpretibus,
581 5058 702 5122 tarnen
738 5073 916 5126 summam
953 5055 1112 5126 iniuriam
1148 5055 1347 5128 faceremus
1380 5055 1574 5150 Aeschylo,
1608 5056 1640 5124 si
1670 5056 1858 5148 quicquam
1890 5059 1949 5122 aut

1704 5192 1718 5250 1
1732 5187 1745 5217 t
