4792 6150
441 767 524 818 rum
549 750 682 816 statum
708 764 857 849 reverso
883 743 1153 837 Agamemnone
1178 745 1378 822 restitutum
1411 745 1454 816 iri
1485 749 1623 840 sperat,
1655 765 1691 817 v.
1714 743 1764 816 32
1786 764 1856 839 sq.:
1888 746 1932 815 ιὰ
1953 748 2125 816 δεσποτῶν

442 875 506 967 γὰρ
527 866 574 944 τό,
585 871 732 944 πεσόντα
753 871 922 964 θήσομαι,
945 874 1017 964 τρίς
1038 869 1080 954 ἱίξ
1096 869 1266 962 βαλούσης
1285 875 1384 963 τῆςδό
1403 899 1464 960 μοι
1485 871 1709 965 φρυκτωρίας.

1189 1093 1230 1161 V.
1253 1094 1275 1160 2
1298 1113 1375 1180 sqq.

1286 1237 1327 1334 ἣν
1347 1243 1553 1332 κοιμώμενος

907 1363 1038 1450 στέγαις
1053 1357 1233 1466 Ἀτρειδῶν
1254 1359 1427 1442 ἀνέκαθεν,
1451 1367 1547 1446 κυνὸς
1569 1366 1673 1456 δίκην,

909 1473 1053 1612 impos]
1061 1477 1199 1549 κάτοιδα
1221 1483 1384 1574 νυκτέρων
1405 1479 1575 1574 ὁμήγυριν.

570 1691 652 1767 Non
684 1697 780 1764 recte
806 1689 1098 1762 Schneidewinus
1130 1693 1167 1762 in
1197 1693 1309 1766 verbo
1339 1701 1528 1782 κοιμᾶσθαι
1558 1697 1679 1766 inesse
1709 1713 1911 1786 oxymoron
1942 1690 2127 1764 adnotavit

347 1851 352 1860 “
444 1837 498 1906 his
524 1829 661 1904 verbis:
705 1828 778 1918 „In
811 1827 993 1919 φρουρὰν
1022 1832 1251 1912 κοιμᾶσθαι
1275 1829 1380 1919 liegt
1405 1831 1474 1900 ein
1499 1831 1708 1920 drolligcs
1737 1827 2006 1920 Oxymoron,
2036 1828 2124 1918 vgl.

450 1967 519 2058 12,
545 1965 596 2036 da
622 1963 854 2056 cigentlich
881 1963 1037 2056 φρουρὰ
1060 1970 1341 2054 φρουρεῖται.“
1384 1962 1440 2034 Ex
1462 1987 1533 2057 quo
1558 1971 1723 2060 apparet,
1748 1984 1858 2036 sensu
1884 1962 2127 2036 dormiendi

446 2108 480 2179 ei
505 2108 693 2191 κοιμᾶσθαι
718 2098 787 2169 dici
813 2099 930 2170 visum
958 2119 1050 2170 esse.
1104 2098 1210 2191 Atqui
1236 2121 1305 2188 nec
1330 2101 1427 2170 licuit
1453 2100 1647 2172 excubitori
1673 2100 1846 2190 dormire,
1877 2104 1915 2169 ut
1937 2099 2015 2192 ipse
2040 2096 2127 2168 dixit

446 2240 663 2332 v.1³sqq.,
688 2257 757 2308 nce
782 2235 971 2307 dormienti
996 2239 1156 2328 potestas
1182 2236 1277 2304 facta
1303 2241 1420 2323 esset,
1445 2255 1551 2327 quam
1574 2235 1627 2306 his
1652 2235 1740 2329 ipsis
1762 2232 1881 2306 verbis
1905 2232 1972 2304 sibi
1994 2234 2126 2306 factam

443 2397 530 2452 ‘esse
557 2377 621 2464 ait,
647 2372 804 2446 siderum
829 2369 1173 2460 cognoscendorum.
1227 2368 1386 2440 Verbum
1413 2372 1508 2440 enim
1531 2368 1682 2462 finimm,
1708 2391 1754 2442 ex
1775 2390 1847 2463 quo
1870 2371 2000 2464 pendet
2023 2373 2129 2465 parti·

446 2516 579 2610 cipium
609 2505 829 2596 κοιμώμενος,
858 2513 914 2577 est
938 2502 1088 2576 κάτοιδα.
1135 2503 1248 2576 lmmo
1278 2505 1508 2576 manifestum
1536 2513 1605 2595 est,
1631 2512 1820 2592 κοιμᾶσθαι
1845 2526 1918 2577 non
1941 2505 2129 2578 dormire

449 2651 523 2741 bic,
557 2669 650 2742 quac
682 2667 729 2718 ne
763 2642 907 2738 propria
940 2640 1081 2735 quidem
1115 2639 1323 2732 significatio
1358 2642 1436 2711 cius
1470 2649 1542 2730 est,
1583 2641 1649 2721 sed
1680 2648 1948 2738 prostratum
1984 2642 2129 2713 iacere

420 2773 663 2878 significare,
688 2783 796 2851 itaut
812 2781 981 2864 κοιμῶμαι
1004 2772 1157 2867 φρουράν
1172 2777 1220 2845 sit
1244 2777 1392 2848 iacens
1418 2776 1656 2848 custodiam
1681 2797 1775 2868 ago,
1801 2777 1903 2850 nobis
1927 2777 1996 2847 ich
2017 2779 2130 2868 liegc

449 2921 629 3009 Wache,
667 2925 708 2987 ut
743 2923 840 2986 recte
875 2911 990 2983 licebit
1024 2911 1144 2982 dicere
1184 2933 1229 2982 ex
1263 2912 1427 3002 analogia
1465 2912 1654 2983 locutionis
1693 2911 1760 2982 ich
1800 2914 1924 2984 stcbe
1958 2912 2128 2986 Wache.

449 3057 592 3131 Poterat
617 3054 713 3126 enim
739 3052 795 3122 ille
821 3051 882 3120 vel
906 3056 1006 3118 stans
1034 3049 1092 3118 vel
1116 3048 1238 3118 iaoens
1264 3046 1463 3118 custodiam
1491 3067 1612 3138 agere,
1642 3066 1793 3138 quorum
1819 3049 1996 3144 posterius
2021 3051 2130 3140 vulgo

449 3215 522 3267 non
539 3189 667 3262 licebat
683 3187 744 3276 iis,
770 3187 831 3278 qui
848 3182 1045 3256 custodiam
1064 3182 1224 3274 agebant
1264 3180 1385 3275 Itaque
1402 3182 1555 3276 φρουρὰν
1576 3187 1779 3274 κοιμᾶσθαι,
1801 3183 1980 3255 simillime
1997 3184 2130 3256 dictrun

451 3337 558 3422 atque
581 3324 706 3406 πόνους
727 3318 912 3414 λατρεύειν,
936 3316 1060 3400 πόνους
1080 3314 1245 3398 ἀλᾶσθαι,
1273 3317 1318 3389 de
1341 3339 1412 3411 qua
1435 3316 1574 3388 dicendi
1599 3318 1716 3388 forma
1739 3320 1887 3412 exposui
1909 3320 1948 3390 in
1970 3321 2132 3392 Censura

451 3464 571 3535 Aiacis
598 3483 621 3531 a
644 3457 822 3532 Lobeckio
848 3457 977 3526 itemm
1004 3451 1086 3524 edit.
1113 3474 1148 3546 p.
1172 3449 1222 3521 84
1245 3473 1317 3546 sq.,
1350 3453 1421 3526 hoc
1455 3453 1599 3548 proprie
1633 3451 1824 3545 significat:
1859 3463 2029 3548 φρουρσῦν
2053 3457 2132 3528 sive

452 3597 637 3692 φρσυρικδν,
656 3593 805 3710 κσίμημα
831 3596 1029 3678 κοιμᾶσθαι.
1084 3584 1256 3658 Eiusdem
1286 3589 1427 3680 generis
1454 3595 1510 3659 est
1540 3587 1636 3680 quod
1661 3587 1749 3659 dixit
1775 3587 1975 3681 Aeschylus
2001 3613 2036 3663 v.
2055 3588 2131 3662 280

452 3732 554 3822 ια’χσς
579 3734 797 3816 ἐξικνεῖσθαι,
833 3728 888 3799 sic
921 3721 1186 3820 explicandum,
1220 3719 1300 3792 ὁδὸν
1324 3729 1458 3807 ταχεῖαν
1489 3723 1707 3804 ἐξικνεῖσθαι,
1744 3726 1869 3799 einen
1905 3727 2132 3799 schnellcn

450 3872 544 3942 Gan
551 3891 576 3962 g
608 3869 759 3960 gehen.

1190 4073 1229 4141 V.
1251 4071 1398 4139 12-19.

874 4260 943 4338 αὕτ’
967 4258 1008 4332 <iv
1030 4262 1068 4332 δὲ
1089 4258 1346 4346 νυκτίπλαγκτον
1367 4254 1524 4346 ἔνδροσόν
1544 4255 1576 4326 τ’
1599 4257 1663 4345 ἔχει

875 4380 984 4471 εὐνήν,
1008 4376 1150 4465 ὀνείροις
1172 4371 1234 4444 oia
1255 4375 1552 4466 ἐπισκοπουμένην,

874 4491 972 4585 ἐμήν·
996 4488 1104 4584 φόβος
1124 4496 1188 4584 γὰρ
1211 4489 1291 4562 ἀνθ’
1316 4493 1422 4564 ὕπνου
1443 4501 1662 4586 παραστατεῖ,

874 4615 914 4685 τὸ
934 4612 981 4705 μὴ
1001 4613 1148 4700 βεβαίοις
1167 4615 1322 4704 βλέφαρα
1343 4617 1523 4700 συμβαλεῖν
1544 4613 1654 4704 ὕπνῳ·

877 4729 1010 4802 ὅτανδ’
1035 4729 1159 4803 ἀείδειν
1182 4727 1203 4822 ἢ
1223 4732 1423 4824 μινύρεσθαι
1446 4737 1545 4809 δοκῶ,

876 4851 983 4923 ὕπνου
1004 4849 1076 4921 τόδ’
1100 4849 1306 4938 ἀντίμολπον
1327 4843 1494 4938 ἐντέμνων
1508 4845 1597 4933 ὕκας,

876 4972 968 5040 uteo
988 4967 1059 5038 τότ’
1084 4971 1177 5042 σ’ίιιου
1199 4977 1296 5041 τοῦδε
1318 4973 1494 5063 συμφορὰν
1515 4974 1645 5046 στένων,

877 5087 937 5175 οὐχ
958 5085 1005 5172 ὡς
1023 5091 1066 5159 τὰ
1087 5087 1218 5183 πρόσθ’
1241 5085 1361 5182 όριστα
1383 5091 1657 5175 διαπονουμένου.
