4792 6150
1873 535 1929 620 ss

239 760 428 832 studium
455 755 653 828 discendi
680 753 867 846 significat,
893 753 957 826 sed
982 754 1100 848 ipsum
1127 753 1313 845 discere,
1345 757 1440 847 quod
1466 758 1607 850 quidem
1635 782 1701 834 nec
1727 783 1918 838 senescere

239 918 306 968 nec
330 897 562 966 iuvenescere
583 913 757 996 umquam
784 891 853 962 dici
879 899 1008 986 potest.
1070 889 1234 982 Accedit,
1269 888 1361 982 quod
1389 865 1525 964 dativus
1553 903 1624 978 τοῖς
1645 901 1798 991 γέρουσιν
1823 905 1919 973 nullo

233 1037 343 1125 ‘paeto
375 1031 460 1124 poni
491 1029 614 1123 potuit.
645 1027 648 1034 '
676 1027 792 1098 lmmo
823 1029 924 1097 locus
954 1032 1140 1120 corruptus
1168 1033 1240 1116 est,
1276 1026 1340 1096 sed
1366 1026 1430 1117 ita,
1462 1035 1501 1096 ut
1526 1031 1601 1102 sine
1628 1035 1698 1104 ulla
1722 1039 1919 1110 mutatione

229 1187 363 1237 ,veram
398 1167 612 1259 scripturam
647 1164 834 1234 restituere
869 1163 1003 1256 possis
1059 1161 1167 1246 Quod
1201 1162 1295 1232 enim
1327 1160 1528 1254 Aeschylus
1564 1167 1756 1260 scripserat
1785 1153 1920 1254 EBAI,¹

237 1304 329 1370 male
363 1300 517 1370 habitum
553 1307 607 1370 est
628 1321 705 1404 'pro
738 1267 896 1391 persona
926 1298 1029 1368 tertia
1062 1297 1163 1367 verbi
1196 1293 1292 1388 ἡβᾶν,
1331 1320 1412 1369 cum
1446 1307 1542 1370 esset
1573 1321 1741 1375 numerus
1774 1275 1917 1401 pluralis
1981 1397 1984 1403 Ι

238 1437 391 1509 nominis
420 1436 494 1528 ἥβη.
549 1433 782 1506 Scribendum
810 1441 865 1506 est
891 1453 1027 1522 erg0:·
1076 1519 1081 1524 .
1126 1423 1135 1438 “
1187 1427 1191 1444 ’

715 1625 769 1698 ἀεὶ
791 1631 852 1720 γὰρ
875 1619 955 1718 ἧβαι
976 1634 1047 1708 τοῖς
1068 1631 1219 1718 γέρουσιν
1241 1623 1278 1698 εὖ
1298 1637 1432 1716 μαθεῖν.

239 1846 307 1916 hoc
339 1864 465 1914 sensu:
509 1863 681 1935 semper
715 1842 919 1912 iuventus
961 1847 1025 1911 est
1054 1829 1255 1933 'senibus
1296 1841 1402 1912 buna
1437 1841 1620 1932 discere,
1655 1845 1676 1916 i.
1711 1867 1740 1915 e.
1776 1867 1919 1948 semper

240 1979 384 2050 senibus
410 1983 545 2048 tantum
574 1978 714 2050 ruboris
741 1976 904 2074 iuvenilis
932 1985 1002 2067 est,
1036 1985 1075 2046 ut
1101 1977 1196 2049 bona
1221 1977 1366 2049 discunt.
1424 1963 1478 2048 De
1505 1983 1656 2050 numeru
1685 1982 1825 2074 plurali,
1858 1983 1918 2073 qui
2005 2056 2011 2076 Ι

239 2117 372 2208 optime
408 2115 574 2187 convenit
607 2115 731 2208 plurali
765 2115 918 2186 nominis
953 2119 1025 2193 τοῖς
1055 2115 1225 2206 γέρουσιν,
1269 2115 1332 2185 cfr.
1365 2111 1542 2207 Euripidis
1576 2115 1650 2186 lon.v
1677 2137 1711 2186 v.
1741 2100 1813 2186 478
1842 2139 1915 2210 sqq.

237 2251 358 2320 τέκνων
380 2243 431 2332 οἷς
453 2246 493 2318 ιἰἷν
514 2248 749 2342 καρποτρόφοι
771 2247 946 2334 λάμπωσιν
973 2252 1007 2320 ἐν
1033 2251 1203 2338 θαλάμοις
1229 2249 1404 2342 πατρίοισι
1431 2247 1574 2332 νεάνιδες
1600 2242 1692 2341 ἧβαι.
1747 2251 1916 2324 Ceterum

238 2381 274 2456 εὖ
296 2394 420 2472 μαθεῖν
447 2407 519 2457 non
546 2393 716 2484 tam‘est,
751 2392 790 2454 ut
815 2389 923 2476 vulgo
949 2387 1133 2480 accipitur,
1167 2387 1272 2458 bene
1304 2386 1489 2476 discere,
1521 2391 1626 2480 q'uam
1654 2386 1771 2479 potius
1805 2387 1917 2458 bone

238 2522 423 2610 discere,
458 2522 494 2591 id
520 2531 575 2592 est
601 2542 721 2604 vern,
757 2513 982 2614 sapientia.
1042 2522 1172 2593 Doceri
1199 2524 1293 2593 enirn
1321 2522 1478 2614 disciquc
1503 2531 1579 2592 tum
1607 2522 1714 2593 etiarn
1742 2523 1834 2592 falsa
1859 2544 1918 2594 so·

236 2647 372 2747 lebant,
407 2679 499 2750 quae
530 2659 636 2748 negat
666 2656 796 2727 chorus
829 2678 869 2726 se
901 2659 1037 2730 discere
1069 2660 1170 2730 velle.
1233 2659 1353 2752 ltaque
1383 2660 1479 2730 idern
1506 2659 1582 2728 fere
1608 2659 1662 2728 his
1688 2657 1806 2728 verbis
1834 2657 1918 2728 dicit
2023 2721 2028 2726 .

236 2801 343 2888 poeta
370 2799 473 2887 atque
500 2797 627 2886 fragm.
653 2791 723 2862 371
754 2793 853 2860 καλὸν
875 2795 912 2861 δὲ
934 2795 988 2863 καὶ
1009 2795 1146 2884 γέροντα
1168 2795 1351 2882 μανθάνειν
1373 2795 1475 2885 σοφά.
1674 2787 1678 2802 ’
