4792 6150
1892 521 1897 535 1

1892 582 1896 590 a

1866 611 1876 622 a

381 749 514 824 Mirum
537 753 594 820 est
616 745 662 820 de
686 745 796 853 buius
813 744 882 818 loci
908 749 1088 818 structura
1111 742 1280 816 iudicium
1301 739 1544 834 bambergen,
1571 743 1630 836 qui
1655 739 1789 836 Opusc.
1813 741 1933 821 Philcl

256 912 291 986 p.
309 885 357 962 56
375 852 471 960 'baec
495 884 658 981 protulit:
697 879 806 999 ,Post
828 877 924 974 ὕπνῳ
949 881 1204 976 aposiopeseos
1219 852 1374 970 'signum
1395 879 1619 982 ponendum,
1654 877 1737 972 quia
1767 882 1934 974 apcdcsis

256 1025 391 1099 omma
420 1027 487 1094 est.
547 1015 629 1092 Noli
660 1017 756 1104 enim
786 1015 830 1088 de
861 1014 1052 1090 artificiosa
1082 1015 1349 1088 constructione
1373 1014 1546 1106 cogitare,
1581 1035 1688 1108 quam
1713 1011 1935 1092 Wellauerus

257 1121 458 1255 proposuit,
483 1172 554 1248 qua
578 1152 738 1224 admissa
763 1151 948 1226 excubitor
972 1153 1078 1244 longe
1104 1151 1199 1223 atiud
1226 1149 1310 1222 dicit
1336 1157 1441 1243 atque
1466 1148 1503 1219 in
1526 1155 1644 1222 mento
1666 1149 1778 1226 liabet.
1824 1152 1938 1248 Luget
1967 1173 1969 1178 ’
2002 1191 2006 1206 ·

211 1356 216 1365 .
257 1295 314 1368 ille
335 1294 508 1366 miseram
535 1280 636 1361 'suam
663 1287 920 1378 conditionem,
954 1287 1049 1381 quod
1079 1283 1146 1382 pro
1173 1305 1300 1358 somno
1326 1285 1521 1372 insomnia,
1553 1305 1619 1378 pro
1647 1293 1770 1380 cantu,
1803 1309 1874 1382 quc
1901 1291 1937 1362 in

260 1427 416 1502 erebia
443 1433 479 1498 et
504 1423 632 1517 vigiliis
658 1430 798 1520 tempus
825 1423 947 1495 fallere
972 1421 1126 1512 solebat,
1160 1421 1367 1493 lamentatio
1398 1419 1444 1492 de
1476 1420 1605 1494 domus
1632 1420 1938 1512 Agamemnoniae

238 1564 405 1637 'miseria
430 1569 467 1635 et
492 1542 644 1652 gemitus
671 1558 739 1630 sibi
765 1557 981 1650 contingant.
1025 1541 1145 1643 Quam
1170 1556 1277 1648 igitur
1302 1557 1339 1626 in
1363 1561 1485 1628 mente
1510 1555 1630 1649 habet,
1656 1555 1825 1651 apcdcsis
1851 1559 1940 1633 baec

260 1703 331 1770 est:
365 1697 508 1790 quando
533 1697 663 1768 lectum
688 1715 811 1766 meum
837 1701 963 1785 teneo,
997 1692 1177 1765 insomniis
1214 1711 1316 1782 ag0r3
1352 1712 1459 1785 quam
1492 1692 1636 1784 omittit,
1671 1692 1754 1786 quia
1788 1693 1937 1766 eandem

262 1830 472 1906 sententiam
506 1830 590 1920 iam
610 1833 745 1924 protasi
775 1829 906 1919 intulit,
941 1829 1052 1915 unde,
1084 1844 1133 1898 ne
1165 1826 1291 1898 eadem
1317 1835 1468 1924 repetat,
1503 1827 1700 1901 orationem
1734 1827 1942 1923 abrumpsit

262 1967 355 2040 Eum
381 1970 526 2038 secutrm
552 1927 846 2036 s'chneidewmus'
866 1963 916 2036 ita
941 1965 1030 2036 baec
1047 1964 1306 2060 ,interpretatus
1335 1971 1409 2034 cst:
1452 1960 1608 2054 „Liege
1640 1963 1707 2034 ich
1737 1962 1814 2035 auf
1841 1965 1943 2037 mei·

262 2123 357 2174 nem
392 2099 545 2192 Lager,
579 2100 691 2170 kann
725 2098 793 2170 ich
827 2115 904 2172 vor
937 2095 1074 2190 Angst
1107 2099 1175 2170 dic
1210 2097 1358 2190 Augen
1392 2099 1508 2170 nicht
1542 2099 1721 2193 zutbun3
1756 2101 1842 2172 will
1876 2101 1942 2171 ich

261 2237 373 2308 mich
399 2236 472 2306 mit
498 2205 677 2308 heiterm
703 2233 876 2325 Gesang
900 2256 1039 2328 gagen
1064 2235 1147 2306 den
1170 2232 1323 2306 Schlaf
1344 2203 1781 2327 schiitzensgerathe
1806 2235 1873 2306 ich
1899 2237 1943 2308 in

263 2370 424 2462 Klagen
457 2369 559 2442 iiber
590 2368 658 2442 die
683 2369 850 2462 jetzige
877 2369 1158 2444 Wirthschaft
1188 2371 1242 2440 im
1275 2368 1437 2480 Hause,
1471 2370 1654 2442 welches
1686 2369 1863 2444 vordem
1894 2393 1943 2446 so
2078 2423 2082 2432 .

264 2507 373 2580 wohl
398 2507 624 2578 verwaltct
649 2505 805 2578 wardf‘
856 2504 905 2576 At
928 2512 967 2576 ut
990 2512 1143 2597 taceam,
1168 2505 1206 2576 id
1229 2507 1259 2576 si
1278 2485 1457 2592 uoluisset
1474 2507 1593 2578 dicere
1611 2507 1811 2590 excubitor,
1836 2508 1944 2580 etiam

225 2669 229 2674 ·
264 2642 307 2712 iis
334 2640 452 2712 verbis
481 2639 601 2714 dcere
626 2660 710 2720 eum
736 2639 918 2730 debuisse,
948 2661 1040 2734 quae
1065 2641 1104 2712 in
1129 2661 1211 2712 eam
1236 2605 1451 2714 sententiam
1477 2642 1703 2738 interpretari
1726 2641 1945 2716 Atheniensi-

265 2775 332 2848 bus
358 2776 495 2867 liceret,
527 2777 565 2850 id
589 2775 686 2870 quod
710 2797 785 2849 non
808 2777 921 2868 licuit,
955 2798 1026 2850 non
1053 2779 1167 2871 potuit
1191 2777 1353 2872 profecto
1380 2781 1417 2850 in
1442 2784 1563 2851 mente
1589 2777 1736 2868 babere,
1771 2779 1945 2853 eiusmodi
2072 2871 2074 2878 Α

267 2911 440 3007 apcdcsin
474 2909 634 2984 membro
668 2911 731 3002 illi,
766 2905 835 2982 οὔτ’
863 2907 904 2981 ἂν
930 2951 973 2962 -
995 2911 1298 3004 ἐπισκοπουμένην,
1334 2912 1482 3006 addere,
1516 2905 1658 3008 qualem
1694 2933 1777 2986 eum
1812 2915 1945 2988 addere

268 3046 424 3120 uoluisse
441 3044 729 3120 Schneidewinus
749 3053 865 3141 putat,
891 3053 1100 3142 propterea,
1127 3047 1223 3142 quod
1238 3050 1288 3120 ita
1304 3043 1557 3142 significisset,
1584 3054 1680 3122 recte
1703 3069 1746 3121 se
1767 3048 1945 3140 iacturum

227 3190 234 3196 ’
267 3183 398 3274 fuisse,
430 3183 463 3252 si
493 3183 615 3256 oculos
646 3183 849 3273 clausisset,
883 3183 949 3253 sed
974 3189 1070 3254 metu
1096 3203 1136 3253 se
1167 3185 1381 3279 prohibitum
1407 3203 1506 3277 esse,
1540 3185 1728 3279 quominus
1755 3184 1943 3260 clauderet.
2078 3227 2082 3240 ·

267 3317 376 3412 Atqui
402 3337 445 3390 ea
471 3315 681 3392 condicione
713 3315 877 3388 excubias
904 3321 1012 3408 agere
1044 3319 1165 3390 iussus
1197 3326 1288 3412 erat,
1323 3327 1363 3392 ut
1392 3329 1501 3394 noctu
1534 3322 1697 3412 vigilaret
1727 3321 1947 3417 vigilansque

268 3457 410 3546 signum
433 3455 540 3550 faciS,
564 3453 718 3547 siquod
747 3453 905 3544 daretur,
932 3449 1248 3548 animaduerteret,
1273 3459 1324 3528 ita
1347 3463 1386 3552 ut
1408 3457 1501 3527 risus
1521 3463 1617 3528 esset
1635 3457 1953 3554 a'spectatoribus,·

269 3591 300 3664 si
325 3592 392 3664 hoe
417 3589 604 3680 doluisset,
639 3588 734 3682 quod
759 3610 844 3684 prae
870 3594 967 3660 metu
994 3591 1115 3663 oculos
1148 3591 1313 3665 claudere
1343 3611 1416 3666 non
1447 3593 1631 3686 potuisset.
1692 3591 1806 3666 lmmo
1837 3595 1947 3664 mani·

270 3725 403 3798 festum
429 3731 500 3815 est,
533 3724 642 3797 totius
668 3724 753 3813 loci,
785 3743 890 3816 quem
907 3723 1106 3820 adscripsi,
1138 3749 1243 3798 unam
1271 3749 1353 3800 esse
1379 3727 1568 3824 apodesin,
1598 3695 1691 3820 quae
1721 3729 1948 3827 contineatur

270 3861 323 3931 his
351 3860 486 3950 verbis,
520 3859 612 3928 νλάω
634 3855 704 3930 τότ’
729 3855 822 3931 οἴκου
841 3899 883 3910 -
901 3863 1176 3948 διαπονουμένου.
1236 3862 1324 3936 Item
1357 3863 1543 3957 diligenter
1573 3865 1604 3934 si
1631 3885 1706 3934 rem
1732 3867 1947 3958 spectamus,
2059 3843 2061 3855 ’

271 4017 378 4066 unam
402 4017 483 4068 esse
506 3973 665 4090 protasia
681 4000 785 4089 'patet
808 4013 957 4088 eamque
981 3995 1085 4067 hanc:
1112 3991 1178 4068 εὖτ’
1203 3994 1297 4067 dv-
1312 4001 1471 4087 ἐντέμνων
1493 3995 1588 4082 ἄκος,
1617 3998 1754 4073 duobus
1781 4003 1947 4068 constans

270 4131 454 4217 membris,
489 4149 640 4224 quorum
675 4129 874 4222 posterius,
909 4127 989 4198 brev
1021 4126 1052 4198 δ’
1083 4126 1208 4202 ἀείδειν
1230 4173 1272 4184 -
1296 4118 1455 4220 ἐντέμνων
1485 4128 1580 4216 ὄνος,
1617 4135 1649 4204 si
1682 4107 1949 4204 accuratissime

271 4267 367 4360 loqui
393 4264 576 4339 excubitor
602 4241 805 4355 voluisset,
825 4263 1095 4336 subordinatum
1122 4265 1271 4338 debebat
1302 4268 1413 4362 priori
1440 4289 1538 4360 esse,
1572 4268 1749 4363 siquidem
1777 4291 1838 4360 ec,
1863 4269 1949 4362 quid
1995 4263 1998 4272 '

271 4423 335 4494 per
366 4399 452 4472 illud
485 4405 641 4494 tempus,
676 4419 746 4492 quo
773 4398 992 4486 excubuerit,
1026 4399 1229 4472 faciendum
1264 4403 1410 4497 putarit,
1449 4405 1604 4499 exponit.
1672 4401 1820 4476 Summa
1854 4406 1950 4484 enim

275 4555 412 4624 ecruru,
447 4523 662 4628 quaedicit,
697 4534 787 4604 haec
811 4540 882 4606 cst:
926 4555 1008 4628 quc
1039 4503 1360 4633 vcrc'tempore
1386 4539 1597 4611 insomnis
1625 4538 1828 4612 excubias
1856 4560 1950 4632 ag0,

109 4723 133 4776 ,ι
274 4669 441 4762 quando
476 4691 631 4742 canere
656 4668 798 4784 lubet,
832 4689 1002 4767 semper
1036 4669 1212 4771 deploro
1238 4677 1303 4745 etc.
1364 4671 1462 4765 Ergo
1493 4677 1533 4746 δέ
1557 4676 1729 4771 particula
1761 4679 1844 4769 pcst
1869 4673 1950 4745 ὅταν

274 4805 389 4899 posita
414 4823 488 4876 non
513 4805 728 4900 oppositioni
755 4805 919 4896 inservit,
944 4807 1026 4894 sed,
1052 4827 1124 4898 quc
1151 4828 1258 4878 sensu
1284 4829 1393 4903 saepe
1419 4831 1497 4881 eam
1525 4812 1687 4904 usurpari
1713 4817 1869 4897 constat,
1896 4832 1951 4882 re·

274 4937 473 5010 sumendae
503 4939 670 5030 orationi,
704 4942 907 5036 parenthesi
941 4942 1176 5037 interruptae,
1211 4943 1260 5013 ita
1291 4949 1329 5014 ut
1363 4944 1409 5014 sit
1435 4945 1516 5016 brar
1547 4948 1585 5016 δέ
1618 4944 1786 5040 quando
1821 4946 1951 5036 igitur

140 5147 154 5172 .
274 5075 409 5150 scilicet
434 5095 500 5170 per
525 5077 607 5148 illud
632 5085 792 5173 tempus,
818 5097 889 5172 quc
914 5076 977 5148 sub
1005 5076 1064 5150 dio
1088 5087 1268 5172 pemcctc.
1314 5079 1368 5150 Ac
1389 5101 1484 5152 nunc
1505 5079 1648 5172 quidem
1673 5081 1781 5172 digna
1801 5101 1953 5174 persona

1700 5217 1720 5280 2
