4792 6150
1856 455 1863 472 Ι

265 738 483 834 Aeschylus,
510 738 611 810 cuius
629 731 820 834 marimum
844 727 1029 829 intererat,
1056 745 1095 810 ut
1117 749 1322 836 appareret,
1346 743 1535 814 verissima
1558 763 1640 814 esse
1663 743 1825 832 auguria,
1851 763 1942 835 quae

150 927 160 939 .
264 883 341 948 tunt
357 874 504 947 Graecis
523 873 605 946 data
621 880 756 965 essent,
775 875 1086 970 certissimumque
1104 857 1224 948 vatem
1243 877 1470 950 Calchantem
1488 899 1585 968 esse,
1603 877 1653 948 ita
1669 867 1746 950 redi
1766 878 1941 952 cecidisse

266 1010 409 1098 sumsit,
443 1017 482 1080 ut
513 1010 550 1080 in
582 1015 744 1084 extremo
776 1007 846 1080 line
878 1011 962 1080 anni
992 1012 1080 1084 noni
1106 1013 1207 1084 ilium
1238 1012 1470 1086 excideretur.
1532 1011 1628 1084 ldem
1658 1019 1697 1082 ut
1727 1013 1943 1108 ostenderet,

264 1149 355 1220 illius
382 1146 463 1220 aevi
488 1145 651 1217 homines
679 1145 858 1239 simplices
885 1149 921 1217 et
946 1147 1149 1238 religiosos,
1175 1149 1297 1242 quales
1324 1149 1422 1220 cives
1448 1145 1603 1240 Argivos
1630 1147 1942 1242 excubitoremque

265 1282 461 1354 existimari
496 1280 624 1365 voluit,
658 1279 744 1350 nihil
778 1280 960 1352 dubitasse
995 1284 1040 1354 de
1054 1327 1060 1336 ·
1074 1285 1224 1356 veritate
1258 1285 1394 1376 augurii
1430 1283 1536 1370 illius,
1570 1281 1656 1354 iecit
1688 1303 1751 1356 eos
1787 1285 1825 1356 in
1859 1287 1941 1380 ipso

264 1419 364 1492 initio
391 1417 474 1488 anni
499 1414 627 1488 decimi
660 1413 856 1506 obsidionis
882 1413 1016 1490 Troiae
1048 1417 1361 1492 illnd‘certissime
1393 1439 1555 1514 sperare,
1586 1417 1680 1509 sore,
1711 1425 1752 1490 ut
1782 1421 1853 1489 iam
1880 1442 1942 1492 ex·

265 1553 394 1626 cidium
427 1552 501 1624 eius
533 1551 771 1640 nuntiaretur,
805 1572 954 1645 eamque
985 1574 1087 1647 spem
1119 1575 1163 1626 eo
1194 1555 1275 1650 ipso
1301 1561 1471 1657 tempore
1504 1551 1612 1626 etiam
1647 1552 1764 1626 verbis
1801 1553 1941 1646 efferre,

264 1689 360 1785 quod
385 1709 429 1762 eo
454 1687 568 1779 magis
594 1693 871 1760 consentaneum
897 1693 988 1778 erat,
1014 1709 1083 1781 quo
1109 1689 1353 1762 vehementius
1379 1689 1565 1784 optabant,
1591 1663 1763 1782 utquam
1786 1690 1941 1784 primum
2018 1689 2020 1696 ’

265 1825 392 1898 bellum
418 1820 503 1892 illud
529 1821 697 1894 finiretur.
758 1821 850 1894 Hinc
875 1843 983 1915 quam
1009 1830 1132 1918 aptum
1158 1824 1296 1896 initium
1323 1826 1370 1896 sit
1397 1835 1432 1894 et
1457 1825 1595 1920 prologi
1620 1830 1657 1896 et
1681 1823 1808 1918 parodi
1834 1825 1944 1918 chori,

264 1959 368 2034 facile
389 1956 531 2054 patebit.
575 1956 696 2050 ltaque
718 1957 826 2030 bomo
848 1958 922 2050 ille,
947 1959 1007 2051 qui
1030 1962 1216 2056 prologum
1241 1961 1328 2052 agit,
1354 1959 1556 2033 censendus
1580 1965 1637 2032 cst
1660 1959 1742 2033 inde
1768 1959 1810 2032 ab
1837 1959 1941 2036 initio

264 2093 346 2168 anni
380 2093 463 2166 noni
497 2091 690 2166 obsidionis
727 2091 858 2165 Troiae
893 2115 915 2164 a
950 2093 1234 2186 Clytaemnestra
1273 2097 1394 2168 iussus
1430 2115 1512 2166 esse
1551 2095 1641 2167 sacis
1681 2095 1823 2186 signum
1857 2095 1942 2169 illud

201 2329 204 2336 .
263 2233 476 2314 observare,
509 2249 581 2322 quo
613 2249 655 2300 se
685 2226 935 2320 Agamemnon
967 2228 1096 2302 Troiae
1130 2232 1429 2324 expugnationem
1465 2230 1707 2302 nuntiaturum
1742 2201 1834 2303 esse·
1858 2253 1942 2326 pro·

262 2370 425 2457 miserat,
449 2365 500 2436 ita
526 2371 581 2456 ut,
606 2385 677 2458 quo
702 2371 864 2459 tempore
888 2363 1020 2436 dixisse
1043 2365 1130 2437 baec
1152 2363 1309 2457 fingitur,
1333 2387 1399 2462 per
1420 2366 1596 2458 integmm
1619 2387 1750 2438 annum
1774 2365 1940 2440 excubias

262 2502 383 2596 egerit.
1153 2463 1158 2480 Ι

382 2635 447 2709 His
480 2634 690 2732 praemissis
722 2641 763 2706 ut
793 2635 865 2706 iam
897 2634 942 2707 de
975 2634 1122 2726 singulis
1148 2635 1311 2708 versibus
1342 2636 1412 2710 loci
1443 2637 1627 2732 adscripti,
1661 2657 1751 2731 quos
1782 2637 1941 2712 nondum

263 2780 359 2846 recte
386 2773 582 2845 intellectos
610 2771 654 2844 ab
680 2771 928 2866 interpretibus
952 2771 1086 2860 indico,
1112 2769 1304 2864 disseram,
1329 2791 1547 2867 magnopere
1569 2773 1642 2845 falli
1664 2773 1751 2844 mibi
1774 2775 1940 2848 videntur

262 2909 414 2981 editores
450 2909 682 2992 reoenuores,
716 2907 774 3002 qni
805 2905 888 2980 v.2
920 2907 1008 2978 baec
1043 2903 1168 2998 verba,
1202 2913 1353 3000 φρουρᾶς
1383 2907 1490 2990 ἐτείας
1520 2913 1641 3000 μῆκος,
1679 2909 1939 3003 appositionem

260 3049 388 3140 putant
404 3063 487 3115 esse
503 3042 695 3116 verbomm
712 3040 1017 3138 praecedentium,
1042 3039 1141 3113 τῶνδ’
1164 3037 1362 3135 ἀπαλλαγὴν
1380 3040 1503 3114 πόνων.
1546 3041 1602 3114 Ac
1624 3043 1776 3138 primum
1794 3046 1937 3138 quidem

260 3187 398 3252 certum
424 3186 495 3270 est,
534 3153 593 3272 qui
619 3199 700 3250 eam
734 3178 1066 3272 interpretationem
1102 3177 1267 3274 probent,
1301 3178 1354 3250 sic
1379 3199 1461 3248 cum
1488 3176 1756 3252 Schneidewino
1792 3178 1938 3274 aliisque

261 3315 465 3388 existimare
488 3311 635 3406 debere,
659 3333 792 3386 nomen
814 3302 920 3406 μῆκος
942 3314 1119 3386 adiectivo
1142 3313 1250 3395 ἒιείας
1272 3311 1322 3383 ita
1345 3333 1427 3384 esse
1449 3311 1622 3406 additum,
1650 3321 1689 3386 ut
1711 3316 1939 3388 accusativus

261 3459 359 3525 esset
392 3450 453 3543 qui
487 3449 615 3522 dicitur
650 3450 911 3544 explicatiVUS,
941 3451 1053 3522 veluti
1088 3449 1157 3520 dici
1191 3449 1291 3521 solet,
1319 3449 1442 3518 πολλοὶ
1472 3449 1512 3517 τὸ
1539 3452 1693 3540 πλῆθος,
1733 3447 1850 3520 ἑκατὸν
1879 3451 1939 3521 τὸν

260 3583 419 3676 ἀριθμόν.
470 3583 578 3680 Atqui
596 3590 635 3654 ut
653 3606 760 3658 nemo
778 3605 945 3680 umquam
970 3587 1193 3658 accusativos
1215 3585 1254 3654 τὸ
1277 3587 1410 3674 πλῆθος
1432 3589 1468 3653 et
1489 3583 1546 3652 τὸν
1567 3580 1714 3678 ἀριθμόν
1735 3583 1936 3658 nominibus
2061 3646 2068 3658 .

260 3722 384 3792 πολλοὶ
409 3727 445 3793 et
470 3719 588 3792 ἑκατόν
613 3719 792 3793 addidisse
817 3721 1028 3793 iudicandus
1055 3729 1127 3810 est,
1156 3723 1226 3792 nisi
1251 3741 1295 3793 eo
1324 3719 1486 3809 oonsilio,
1519 3727 1559 3790 ut
1585 3717 1629 3789 de
1660 3717 1939 3792 multitudine

260 3897 309 3912 -
328 3879 403 3932 non
422 3857 466 3929 de
483 3858 552 3928 alia
569 3878 609 3928 re
626 3893 693 3947 -,
713 3856 758 3928 de
779 3876 956 3929 numero
982 3857 1216 3950 potissimum·
1231 3857 1286 3948 agi
1310 3853 1538 3946 significaret,
1563 3855 1613 3926 ita
1629 3855 1812 3950 perinepte
1829 3859 1940 3949 poeta

260 3993 439 4066 adiectivo
470 3996 578 4077 ἐτείας
609 4013 741 4066 nomen
775 3999 880 4085 μῆκος
911 3991 1123 4086 addidisset,
1158 3991 1332 4084 siquidem
1367 3991 1473 4072 iratae
1507 3990 1553 4062 de
1586 3992 1681 4060 nulla
1715 4011 1754 4062 re
1788 3989 1857 4060 nisi
1891 3988 1940 4062 de
2033 4073 2036 4078 ,

259 4130 375 4222 spatio
410 4133 514 4203 unius
549 4131 632 4202 anni
667 4131 779 4225 accipi
816 4129 942 4224 potuit.
1005 4125 1112 4212 Quod
1145 4147 1227 4198 cum
1265 4129 1499 4222 sapientiores
1533 4125 1686 4198 editores
1721 4126 1939 4200 intellexisse

258 4263 464 4352 videantur,
494 4273 613 4338 tamen
645 4287 732 4360 quas
764 4266 833 4360 ipsi
862 4265 966 4336 buius
999 4261 1215 4336 incommodi
1246 4261 1453 4334 removendi
1485 4261 1638 4332 rationes
1669 4260 1842 4347 inienmt,
1872 4281 1935 4332 eas

258 4400 461 4472 necessario
480 4401 688 4474 reiiciendas
708 4400 811 4474 duco.
855 4399 909 4471 lta
929 4400 1023 4495 quod
1041 4397 1270 4470 Hermannus
1288 4397 1488 4492 suspicatus
1507 4402 1579 4480 est,
1596 4396 1756 4468 voluisse
1774 4392 1937 4488 Aeschy-

258 4536 332 4605 lum
363 4538 537 4630 longum
576 4558 743 4608 annuae
779 4535 1102 4608 observationis
1134 4533 1319 4628 spatium
1354 4531 1514 4623 intelligi,
1547 4532 1598 4602 ita
1627 4537 1667 4601 ut
1692 4533 1934 4604 accusativum

256 4675 363 4763 μῆκος
393 4671 563 4744 adiiceret
593 4672 770 4746 intellecto
802 4672 862 4741 tali
894 4669 1021 4762 verbo,
1055 4689 1125 4762 quo
1156 4667 1414 4760 significaretur
1447 4667 1489 4738 in
1522 4671 1661 4738 mente
1695 4665 1844 4758 habea,
1878 4668 1935 4740 vel

256 4815 401 4904 propter
424 4807 642 4880 Graecorum
667 4805 833 4900 loquendi
858 4803 1148 4879 consuetudinem
1173 4803 1325 4898 probare
1350 4801 1451 4876 nobis
1477 4823 1549 4876 non
1574 4801 1666 4874 licet.
1709 4799 1790 4874 Non
1814 4801 1933 4872 minias

256 4951 378 5017 tamen
410 4967 432 5016 a
463 4966 551 5017 vero
586 4941 808 5033 aberrarunt,
843 4941 903 5034 qni
937 4947 1081 5012 anctore
1112 4939 1348 5012 Valckenario
1382 4943 1487 5031 μῆκος
1520 4936 1727 5010 mutandum
1762 4937 1800 5007 in
1829 4945 1934 5030 μῆχος

129 5069 133 5082 ’
253 5086 438 5174 putarunt,
463 5079 499 5150 id
517 5087 554 5150 nt
574 5079 668 5151 idem
686 5077 763 5150 fere
781 5082 886 5169 atque
907 5073 1104 5168 ἀπαλλαγήν
1125 5075 1347 5168 significaret.
1391 5075 1546 5148 Primum
1569 5075 1664 5146 enim
1688 5075 1766 5167 quis
1791 5075 1931 5147 tandem
