4792 6150
1198 823 1239 892 V.
1261 823 1460 892 ltu-166.

822 983 924 1070 Ζεύς,
948 987 1039 1070 ὅστις
1060 983 1139 1058 ποτ’
1163 987 1267 1070 ἒοτίν,
1290 989 1321 1061 εἰ
1340 988 1413 1064 sde'
1437 987 1527 1083 αὐτῷ
1548 993 1648 1084 φίλον
1668 997 1865 1088 κεκλημένῳ,

822 1105 922 1175 τοῦτό
944 1133 994 1174 νιν
1015 1109 1239 1198 reposceretur.

822 1221 883 1293 οὖν
904 1223 968 1310 ἔχω
991 1223 1208 1318 reposcendum
1230 1221 1330 1296 πάντ’
1353 1225 1653 1318 ἐπισταθμώμενος

824 1341 912 1432 πλὴν
932 1339 1030 1425 Διός,
1054 1342 1085 1412 εἶ
1105 1345 1143 1413 τὸ
1164 1321 1274 1430 μόνον
1294 1340 1365 1414 ἀπὸ
1388 1346 1567 1437 φροντίδος
1588 1341 1695 1434 ἔχθος

825 1459 887 1551 χρὴ
908 1465 1025 1546 βαλεῖν
1045 1461 1224 1553 ἐτητύμως.

627 1669 710 1756 Quo
735 1671 848 1762 magis
874 1681 1060 1768 appareat,
1094 1657 1183 1746 verri
1208 1695 1306 1762 esse,
1338 1697 1431 1768 quae
1456 1678 1502 1750 de
1525 1679 1595 1752 lsoe
1624 1681 1706 1752 loeo
1736 1677 1950 1776 proferenda
1975 1685 2081 1773 puto,
2115 1701 2180 1749 ne-

489 1807 650 1880 cessario
667 1805 712 1878 de
729 1828 872 1878 summa
890 1830 1030 1901 eorum,
1047 1830 1140 1902 quae
1161 1811 1290 1882 chorus
1307 1833 1342 1884 v.
1361 1809 1550 1886 40-256
1568 1816 1780 1908 expromsit,
1797 1813 1975 1886 nonsatis
1992 1782 2180 1886 intellecta

490 1943 533 2014 ab
553 1942 763 2026 editoribus,
786 1945 940 2036 primurn
963 1945 1214 2038 exponendum
1231 1953 1295 2020 est.
1338 1943 1498 2020 Primum
1515 1949 1646 2022 chorus
1663 1971 1697 2022 x.
1718 1919 1879 2021 40467
1898 1949 2020 2042 paucis
2038 1957 2179 2036 narrat,

490 2079 649 2174 quando,
675 2099 697 2147 a
719 2099 805 2170 quo,
831 2099 939 2171 quam
961 2079 1007 2152 ob
1031 2101 1213 2168 caussam,
1238 2101 1311 2173 quo
1335 2080 1403 2152 deo
1426 2089 1573 2156 auctore
1595 2083 1724 2156 bellum
1742 2083 1938 2158 Troianum
1961 2051 2178 2178 susceptum

490 2215 555 2299 sit3
580 2221 655 2284 urm
678 2234 713 2286 v.
732 2212 893 2286 67-82
918 2214 1030 2302 addit,
1056 2218 1113 2308 qui
1137 2215 1184 2286 sit
1205 2217 1468 2310 exspectandus
1493 2219 1571 2292 belli
1595 2221 1711 2292 exitus
1737 2227 1775 2292 et
1795 2239 1860 2290 cur
1881 2220 1961 2314 ipse
1984 2217 2077 2292 bello
2101 2239 2179 2292 non

491 2348 702 2422 interfuerit
746 2348 888 2424 Deinde
905 2357 1092 2444 postquam
1115 2352 1249 2424 fnrstra
1272 2354 1461 2446 appellavit
1478 2356 1814 2446 clytemnestram,
1841 2361 1881 2425 ut
1903 2353 2054 2436 diceret,
2081 2373 2180 2446 quae

491 2505 622 2578 caussa
642 2492 740 2558 esset
761 2505 946 2558 sacromm
970 2507 1053 2556 cum
1076 2508 1140 2580 per
1162 2495 1273 2562 tutam
1296 2488 1421 2560 urbem
1443 2497 1520 2560 tum
1542 2491 1588 2562 ad
1610 2491 1758 2562 domum
1775 2490 1910 2581 regiam
1927 2509 2179 2580 acuensomm,

491 2640 777 2716 suspensumque
803 2642 844 2692 se
868 2621 964 2692 inter
987 2642 1092 2716 spem
1117 2629 1321 2716 metumque
1346 2645 1428 2696 esse
1455 2625 1542 2698 dixit
1568 2647 1602 2699 v.
1621 2623 1829 2714 83-103,
1860 2627 1987 2696 melico
2013 2625 2179 2696 camme

491 2757 575 2830 inde
600 2775 622 2826 a
647 2777 681 2829 r.
705 2753 778 2826 104
804 2743 928 2850 incipit
953 2759 1143 2851 explicam,
1169 2779 1232 2830 cur
1257 2759 1349 2830 inter
1373 2781 1474 2854 spem
1498 2767 1708 2852 metumque
1731 2773 1929 2856 suspensus
1955 2759 2012 2832 sit.
2066 2758 2179 2846 Quod

492 2893 542 2964 ita
575 2891 676 2980 facit,
711 2897 757 2963 ut
789 2892 943 2985 primum
978 2877 1234 2966 commemoret
1268 2895 1470 2986 augurium,
1508 2895 1603 2988 quod
1638 2895 1715 2990 ipse
1748 2895 1895 2984 viderit,
1933 2895 1972 2966 in
2006 2894 2178 2968 discessu

492 3015 662 3100 exercitui
694 3025 868 3114 oblatum,
902 3028 1050 3120 eiusque
1081 3029 1412 3122 interpretationem
1438 3031 1648 3102 Calchantis.
1701 3031 1923 3125 Apparuisse
1954 3031 2049 3101 enim
2083 3031 2178 3101 duas

492 3162 645 3254 aquilas,
672 3163 716 3231 ‘in
747 3165 889 3235 excelso
920 3171 1042 3236 monte
1074 3165 1241 3236 sedentes
1269 3171 1305 3234 et
1330 3163 1514 3255 gravidam
1539 3169 1700 3260 leporem
1725 3187 1796 3236 una
1822 3187 1904 3236 cum
1936 3165 2037 3237 foetu
2063 3165 2181 3238 devo·

493 3305 623 3368 rantes.
685 3295 793 3382 Quod
822 3300 1008 3389 augurium
1039 3300 1089 3369 ita
1114 3319 1196 3370 esse
1220 3298 1491 3392 interpretatum
1517 3299 1759 3392 Calchantem,
1792 3307 1832 3372 ut
1857 3299 2001 3372 Troiam
2027 3302 2177 3394 quidem

494 3439 736 3526 expugnatum
767 3434 980 3526 penitusque
1011 3433 1165 3506 deletum
1197 3435 1240 3504 iri
1272 3435 1541 3520 vaticinaretur,
1575 3455 1702 3508 vemm
1738 3455 1955 3529 magnopere
1988 3443 2178 3524 memercr,

494 3567 625 3660 nequi
652 3566 802 3638 deleturi
826 3577 963 3654 essent,
989 3571 1026 3640 in
1050 3570 1131 3664 ipsa
1155 3569 1383 3664 expeditione
1410 3567 1561 3660 Dianae,
1587 3570 1678 3644 deae
1703 3571 1970 3658 sanctissimae,
1996 3572 2087 3642 irum
2113 3594 2179 3644 exe

494 3705 705 3800 perirentur.
763 3701 979 3776 Succensere
1004 3705 1099 3775 enim
1126 3725 1206 3774 eam
1233 3706 1356 3797 aquilis
1382 3704 1468 3788 illis,
1504 3725 1596 3798 quae
1627 3703 1810 3796 g'ravidam
1838 3709 1996 3800 leporem
2022 3703 2178 3776 devora·

494 3838 625 3930 rint'),
656 3837 754 3932 quod
784 3837 985 3910 istiusmodi
1015 3842 1138 3933 epulas
1166 3843 1315 3929 (tantam
1340 3839 1601 3930 crudelitatem)
1628 3841 1883 3933 perhorrescat.
1935 3837 2057 3932 ltaque
2084 3811 2176 3928 iore,

495 3983 552 4062 ut,
582 3974 774 4068 quominus
806 3973 842 4043 in
868 3971 1045 4048 Troadem
1073 3975 1262 4055 traiiciant,
1296 3976 1509 4066 gravissima
1540 3975 1792 4069 impedimenta
1816 3975 1950 4062 mittat,
1982 3975 2031 4044 ita
2056 3975 2111 4060 ut,
2135 3974 2177 4046 si

495 4109 643 4181 Atridae
666 4109 779 4204 epulis
804 4109 869 4180 illis
892 4109 1019 4181 excidii
1043 4109 1092 4180 Ilii
1116 4112 1213 4204 pasci
1237 4111 1363 4196 velint,
1390 4109 1527 4182 Dianae
1549 4111 1693 4210 quidem
1718 4117 1825 4182 antea
1852 4109 2027 4182 eiusmodi
2050 4112 2175 4204 epulas

494 4241 624 4319 offerre
658 4243 825 4331 debeant,
859 4244 985 4338 quibus
1016 4244 1141 4316 oblatis
1173 4253 1270 4317 tanta
1301 4247 1335 4316 in
1369 4245 1476 4318 domo
1508 4247 1669 4340 ipsorum
1703 4247 1877 4318 excitetur
1907 4244 2100 4324 discordia,
2136 4253 2176 4314 ut

633 4581 664 4646 ⁴)
682 4579 806 4633 Scribimr
824 4579 903 4649 rslpo
922 4580 1078 4648 s·.185sq.:
1102 4581 1168 4646 step
1185 4577 1241 4649 γὰρ
1257 4577 1413 4650 ἐπίφθονος
1431 4571 1552 4652 Ἄρτεμις
1569 4575 1643 4650 ἁγνὰ
1661 4583 1816 4634 πτανοῖσιν
1826 4581 1888 4633 νυοὶ
1906 4575 2010 4651 nespdc
2025 4573 2177 4632 sdrdscssr

496 4661 553 4736 πρὸ
569 4661 655 4736 λόχον
669 4660 797 4736 μογερὰν
813 4660 906 4718 πτάκα
922 4667 1096 4737 θυομένοισι·
1123 4669 1221 4734 στυγεῖ
1235 4665 1268 4720 dl
1284 4665 1402 4720 δεῖπνον
1419 4663 1518 4719 esser.
1562 4667 1596 4718 At
1614 4681 1671 4717 cuns
1689 4668 1857 4720 οοηίιιίοιοοι
1879 4667 1913 4718 sit
1933 4663 2143 4732 intellectusque
2159 4679 2177 4716 s

497 4750 692 4816 sapientissimis
711 4750 855 4818 quibusque
872 4750 1026 4818 editoribus,
1054 4751 1104 4805 dici
1122 4751 1163 4804 hic
1180 4751 1288 4806 llisnsur
1304 4751 1400 4804 debere
1419 4752 1598 4804 succensuisse
1617 4750 1708 4818 equilis
1726 4751 1789 4816 illis,
1817 4765 1882 4818 quse
1905 4748 2021 4816 leporem
2045 4767 2096 4802 uns
2118 4763 2176 4800 cust

496 4834 570 4888 luctu
589 4833 750 4902 derurssint,
769 4836 872 4888 minime
890 4851 953 4890 vero
971 4837 1056 4890 domui
1073 4838 1219 4912 Atridsnrns
1235 4837 1279 4890 rel
1296 4839 1383 4905 potins
1396 4837 1612 4906 musmonem,
1630 4837 1779 4890 necessario
1795 4835 1923 4901 sequium,
1941 4849 1995 4886 non
2012 4851 2090 4904 pesse
2108 4833 2175 4900 else

496 4919 530 4972 sb
548 4917 820 4988 Aeschylo‘sciptunr
838 4937 905 4974 esse.
940 4922 990 4976 1²10
1008 4938 1059 4990 quo
1078 4925 1121 4990 qui
1138 4923 1211 4978 οἶνοι
1228 4923 1398 4988 scripsenrut,
1416 4921 1578 4974 substituisse
1596 4922 1657 4974 ruiti
1673 4921 1767 4990 sliquid
1785 4919 1918 4984 sidentur,
1937 4920 2004 4986 quod
2024 4933 2076 4972 usu
2094 4920 2175 4988 rnsgls

497 5019 574 5070 quum
597 5001 665 5072 else
687 5001 846 5058 tulersndusn
869 5015 917 5060 est.
962 5006 1051 5076 Neque
1075 5011 1143 5060 enisu
1166 5017 1238 5062 estes
1256 5007 1359 5059 domum
1377 5023 1430 5059 nou
1449 5011 1627 5060 succensuisse
1646 5005 1737 5074 equilis
1755 5003 1804 5055 illis
1823 5005 1931 5072 cogitari
1950 5003 1999 5057 des
2015 5003 2059 5057 ills
2075 5011 2175 5071 potcst;

497 5089 574 5140 issum
592 5087 742 5158 sinpliciter
759 5089 868 5146 diceuds
885 5102 941 5146 esst
958 5091 1048 5160 sqsnts
1066 5091 1115 5144 utu
1133 5095 1320 5146 succensuisse.
1355 5092 1444 5161 ltsqee
1463 5093 1593 5144 verissime
1613 5091 1713 5144 ridetur
1729 5088 1845 5158 Scsliger
1863 5091 1945 5160 olssqr
1962 5089 2114 5174 rgstitsisse.
