4838 6120
1840 520 1941 612 ‘tt

389 760 503 834 Miror
528 754 853 845 Schneidewinum,
886 757 944 851 qui
970 757 1133 828 haesita
1164 756 1414 852 interpretatus
1447 735 1518 830 est:
1561 757 1699 846 „denn
1730 755 1805 829 das
1836 758 1941 844 mei·

261 921 339 974 ner
359 894 618 974 Herrsolraft
643 893 915 985 zugeiallene
938 891 1074 964 Gliiek
1098 892 1184 962 will
1209 892 1277 963 ich
1303 893 1383 963 mir
1409 894 1587 986 geborig
1612 913 1664 964 zu
1687 891 1797 964 Gute
1821 889 1940 964 kom-

261 1055 353 1110 men
388 1029 645 1123 lassen‚¹da
685 1027 805 1100 diese
838 1029 977 1112 meina
1011 1023 1289 1100 Feuerwacht
1323 1027 1403 1101 den
1444 1028 1594 1100 besten
1626 1027 1753 1101 Wurf
1782 1029 1939 1121 gethan

261 1171 375 1243 irat.“
426 1167 540 1240 immo
576 1167 636 1260 qui
666 1171 704 1238 et
732 1163 844 1237 verba
875 1183 1003 1256 gaeon
1035 1170 1072 1234 et
1105 1183 1250 1235 sensum
1281 1163 1389 1234 totius
1424 1164 1494 1236 loci
1524 1153 1726 1257 nexumque
1756 1163 1940 1255 diligenter

260 1305 470 1396 adverterit,
489 1323 569 1374 non
592 1299 777 1390 dubitabit,
802 1299 885 1392 quin
909 1300 978 1370 lroo
999 1297 1126 1370 dixerit
1148 1305 1286 1370 eustos:
1321 1299 1476 1372 faeiem
1503 1299 1630 1389 enim,
1655 1307 1699 1370 ut
1723 1297 1941 1373 secundae

259 1443 348 1512 sint
379 1459 448 1512 res
480 1436 770 1524 dominorum,
803 1439 1031 1528 postquam
1063 1433 1164 1506 milri
1196 1435 1396 1528 contigit,
1431 1441 1474 1508 ut
1504 1419 1630 1509 rebus
1663 1405 1846 1508 maxime
1872 1455 1941 1506 se-

261 1571 413 1648 cundis
440 1579 551 1660 utar,
585 1571 714 1644 finito
742 1569 1016 1642 excubiarum
1048 1591 1194 1642 onere.
1254 1570 1397 1644 Festive
1424 1571 1518 1642 enim
1546 1571 1582 1644 id
1607 1594 1649 1645 se
1675 1573 1853 1644 iacturum
1881 1571 1941 1662 ait,

260 1712 356 1807 quod
374 1709 449 1782 lieri
467 1705 654 1778 dicendum
674 1711 750 1776 erat
767 1703 909 1778 excidio
929 1704 978 1776 Ilii
1002 1703 1045 1776 ab
1063 1707 1143 1800 ipso
1161 1711 1299 1778 tantum
1319 1709 1490 1780 nuntiato.
1547 1711 1713 1782 Ceterum
1732 1703 1937 1778 Schuetzius

260 1849 407 1922 nomine
433 1847 604 1914 δεσποτῶν
634 1841 752 1912 solum
778 1839 1103 1932 Agamemnonem,
1133 1841 1296 1936 Engerus
1324 1847 1437 1918 solam
1463 1846 1786 1938 Clytaemnestram
1813 1837 1944 1932 signifi·

262 1983 336 2057 uari
367 1987 499 2054 censet
558 1975 702 2049 Rectius
734 1981 770 2048 et
802 1973 1109 2066 Agamemnonem
1143 1985 1179 2051 et
1210 1981 1533 2074 Clytaemnestram
1566 1980 1757 2072 significari
1788 1975 1939 2074 putabis.

261 2116 455 2211 Utriusque
472 2115 566 2188 enim
585 2133 642 2186 res
660 2113 737 2183 iure
754 2109 868 2198 videri
886 2117 1052 2206 poterant
1069 2115 1208 2186 custodi
1226 2115 1408 2188 secundae
1432 2117 1512 2190 fore
1529 2117 1643 2190 reditu
1660 2111 1942 2210 Agamemnonis

261 2255 504 2346 dissolutaque
529 2247 667 2324 nesan'a
692 2247 968 2334 consuetudine,
994 2269 1101 2343 quam
1127 2252 1417 2344 Clytaemnestra
1442 2275 1523 2325 cum
1550 2251 1724 2346 Aegistho
1750 2249 1906 2324 habebat

985 2565 1208 2650 uro-as.

557 2833 559 2850 ,
682 2795 714 2840 ιο
767 2767 906 2835 δέκατον
925 2767 986 2852 μὲν
1007 2763 1081 2849 ἔτος
1102 2763 1187 2846 τόδ’,
1212 2767 1288 2838 ἐπεὶ
1307 2767 1467 2860 Πριδμσυ

765 2885 868 2974 μέγας
889 2879 1067 2968 ἀντίδικος,

765 3004 942 3084 Μενέλαος
964 2998 1048 3086 δίναξ
1067 3001 1122 3096 ἧδ’
1139 3001 1361 3095 Ἀγαμέμνων,

765 3117 928 3212 διθρόνου
949 3117 1078 3191 Διόθεν
1100 3123 1157 3192 καί
1177 3122 1384 3218 δισκήπτρου

763 3246 860 3332 τιμῆς
877 3237 999 3334 ὀχυρὸν
1022 3243 1134 3331 ζεῦγος
1150 3237 1338 3333 Ἀτρειδῶν,
1440 3327 1443 3338 Ι

766 3357 884 3429 στόλον
900 3355 1059 3452 Ἀργείων
1077 3358 1288 3446 χιλιοναιλταν

613 3509 629 3540 0
765 3475 860 3569 τῆσδ’
885 3473 955 3548 ἀπὸ
977 3475 1087 3568 χώρας

764 3589 861 3688 ἦραν,
885 3602 1080 3688 στρατιῶτιν
1102 3593 1243 3688 ἆριογήν,

765 3718 868 3806 με’γαν
890 3717 927 3786 ίιι
946 3721 1061 3802 θυμοῦ
1081 3713 1253 3800 κλάζοντες
1263 3709 1351 3805 ’Ἀρη

766 3833 893 3924 τρόπον
915 3833 1086 3926 αίγυπιιῖίν,

767 3950 830 4022 οἵτ’
854 3955 1028 4036 ἐκπατίοις
1050 3949 1163 4043 ίίλγεσι
1185 3952 1316 4021 παίδοιν

765 4071 890 4141 ὕπατοι
911 4075 1032 4158 λεχέων
1054 4074 1350 4163 στροφοδινοῦνται

767 4191 937 4282 πτερύγων
959 4193 1146 4284 ἐρετμοῖσιν
1167 4186 1388 4284 ἐρεσσόμενοι,

767 4307 963 4404 δεμνιοτήρη
1097 4325 1101 4340 ’

753 4427 870 4498 ,πόνον
891 4425 1073 4520 ὀρταλίχων
1094 4424 1277 4506 ὀλέσαντες.

765 4547 917 4628 ὕπατος
939 4545 972 4616 δ’
996 4543 1091 4616 δίων
1115 4540 1137 4637 ἢ
1157 4573 1215 4627 τις
1231 4542 1436 4614 Ἀπόλλων

767 4661 788 4756 ἢ
809 4666 895 4734 Πὰν
918 4661 939 4756 ἢ
960 4667 1058 4747 Ζεὺς
1080 4661 1324 4755 οίωνόθροον

765 4781 858 4874 γόον
880 4781 1051 4869 δξοβόαν
1072 4787 1193 4853 τῶνδε
1214 4779 1409 4869 μετοίκων

766 4900 1055 4992 ὑστερόποινον

767 5025 914 5108 πέμπει
936 5027 1162 5114 παραβᾶσιν
1181 5017 1343 5109 Ἐρινύν.
