4792 6150
605 629 922 726 Adscripsietiam
947 627 1144 722 dequibus
1172 651 1245 703 non
1275 651 1358 704 sum
1388 629 1547 702 dimone
1573 651 1608 703 v.
1627 626 1791 702 to-oo
1817 637 2033 724 propteroa,
2069 631 2169 724 quod

478 766 678 842 arctissima
704 767 898 839 cohaerent
923 785 1006 837 (tum
1031 785 1077 836 eo
1101 765 1197 852 loeo,
1231 785 1351 858 quem-
1369 767 1478 857 vulgo
1509 786 1578 846 noa
1606 765 1784 858 scriptum
1815 771 1914 838 recte
1944 786 2015 844 uec
2046 751 2171 860 expla-

478 908 604 978 natum
629 909 727 998 puto.
772 900 968 972 Adnotavit
989 897 1216 973 Hermannus
1243 899 1289 970 ad
1312 922 1344 972 v.
1365 897 1412 972 57
1421 923 1429 967 :
1459 899 1515 990 „A
1537 899 1705 974 Tumeho
1728 901 1866 992 virgula
1890 909 1975 996 post
1997 901 2171 987 μετοίκων

479 1039 613 1134 posim,
646 1045 686 1110 ul
716 1039 944 1126 iungerentur
968 1031 1176 1127 οἰωνόθροον
1199 1033 1280 1126 γόον
1305 1032 1448 1126 ὀξυβόαν
1472 1041 1576 1108 τῶνδε
1606 1037 1781 1124 μοτοόσον.
1838 1037 1893 1108 lto
1917 1037 2172 1112 construxisse

480 1174 623 1248 videm
652 1173 863 1246 scholiastes
890 1167 1075 1264 Sophoclis
1102 1169 1147 1240 ad
1173 1169 1262 1242 Ood.
1290 1172 1364 1246 Col
1389 1169 1485 1244 934:
1526 1173 1702 1260 μετοίκους
1732 1175 1770 1244 δὲ
1799 1176 1965 1260 καλοῦμεν
1988 1173 2069 1254 νοός
2095 1168 2170 1242 ἀπὸ

482 1299 599 1396 ἑτέρας
617 1299 729 1390 χώρας
750 1296 920 1381 οἰκοῦντας
942 1299 1028 1388 πρὸς
1048 1299 1126 1380 τοὺς
1145 1301 1419 1386 μετοικισθέντας
1439 1301 1568 1372 ποθέν·
1589 1307 1687 1404 τοῦτο
1709 1303 1747 1375 δὲ
1767 1297 1905 1372 ἔνοικον.
1949 1302 2111 1390 κέχρηται
2132 1299 2173 1368 δὲ

413 1439 418 1444 ’
482 1422 540 1490 καί
564 1416 734 1506 Αἰσχύλος
760 1419 818 1487 ἐπὶ
844 1421 910 1484 τῶν
937 1415 1062 1484 οἶωνῶν
1088 1417 1122 1486 ἐν
1150 1414 1370 1507 Ἀγαμέμνονι
1396 1421 1500 1510 λέγων
1530 1417 1633 1500 οίίτω,
1665 1423 1769 1490 τῶνδε
1794 1417 1972 1506 μετοίκων,
2006 1414 2084 1488 ἀντὶ
2111 1423 2173 1488 τοῦ

471 1538 637 1612 ’ἐνοίκων
667 1537 841 1623 μετοίκους
861 1536 925 1627 γὰρ
947 1529 1022 1604 εἶπε
1043 1541 1109 1604 τῶν
1130 1532 1269 1628 ὑψηλῶν
1289 1537 1404 1610 τόπων
1424 1539 1501 1620 τοὺς
1524 1537 1660 1620 οἰωνοὺς
1680 1534 1814 1607 κᾶκεῖσο
1836 1533 1909 1606 ἀντὶ
1928 1542 1995 1608 τῶν
2016 1535 2170 1605 ἐνοίκων.

483 1664 543 1736 Sic
568 1665 658 1735 haec
683 1686 728 1735 ex
753 1661 878 1734 codice
905 1661 1015 1732 edidit
1041 1625 1243 1736 Elmsleius.
1301 1663 1437 1738 Eadem
1467 1665 1545 1736 fere
1572 1663 1696 1736 Suidas
1730 1664 1844 1736 habet.
1904 1662 2016 1734 Aliter
2049 1665 2172 1758 paullo

483 1797 706 1872 scholiorum
733 1781 844 1869 editio
868 1795 1048 1888 Romana,
1079 1799 1180 1869 aliter
1207 1821 1348 1870 rursum
1374 1797 1610 1890 Brunclriana,
1628 1804 1714 1873 'non
1739 1809 1861 1872 tamen
1887 1806 1924 1870 ut
1950 1798 2171 1880 emendatus

484 1938 533 2008 sit
559 1938 675 2008 locus.
727 1931 765 2003 Si
791 1937 894 2003 τῶνδε
915 1932 1079 2021 μετοίκων
1099 1933 1254 2026 iungitur
1279 1957 1361 2007 cum
1386 1936 1645 2030 superioribus,
1670 1937 1785 2006 luctus
1812 1935 1857 2008 ob
1884 1941 2026 2006 amatos
2054 1933 2172 2028 pullos

485 2079 543 2146 est
564 2069 821 2162 intelligendus,
865 2069 913 2138 At
936 2069 985 2138 ita
1007 2073 1110 2138 τῶνδε
1133 2070 1256 2142 inutile
1280 2078 1351 2156 est,
1376 2072 1546 2164 quoniam
1570 2077 1632 2142 aut
1653 2077 1720 2141 τῶν
1738 2071 1902 2160 μετοίκων
1924 2079 1984 2142 aut
2005 2069 2175 2156 μετοίκων

486 2205 693 2306 ponendum
716 2213 804 2278 erat.
858 2201 1055 2294 rauwium,
1081 2207 1140 2298 qui
1164 2207 1273 2278 verba
1295 2207 1353 2276 illa
1375 2203 1420 2276 ad
1443 2211 1628 2300 sequentia
1651 2210 1777 2281 referri
1800 2209 1921 2298 iussit,
1947 2207 2063 2279 secuti
2088 2209 2174 2274 sunt

395 2427 401 2438 ¹
486 2344 705 2419 recentiores
731 2341 898 2413 editores.
951 2339 1167 2413 Scholiastes
1194 2363 1265 2434 quo
1292 2343 1480 2432 rettulerit,
1506 2325 1584 2416 non'
1602 2345 1726 2437 liquet,
1752 2345 1813 2437 qui
1838 2331 1969 2414 scribat
1994 2339 2085 2433 ὑπὲρ
2108 2344 2176 2410 τῶν

486 2478 765 2571 μονοικισθέντων
786 2481 941 2546 νεοσσῶν.
994 2482 1209 2567 Παραβᾶοιν,
1241 2477 1339 2569 quod
1365 2495 1439 2550 non
1463 2477 1593 2572 polest
1608 2481 1654 2552 de
1680 2479 1880 2575 raptoribus
1905 2481 2086 2574 pullorum
2113 2497 2176 2546 an·

487 2577 616 2711 guibus
641 2615 774 2686 dictum
800 2633 899 2702 esse,
923 2619 1047 2708 aperte
1073 2611 1227 2684 refertur
1250 2613 1300 2684 ad
1324 2609 1520 2700 Troianos
1547 2614 1603 2708 qui
1628 2613 1802 2688 Helenam
1827 2613 2009 2710 rapuerint
2033 2613 2176 2684 violato

488 2753 567 2826 iure
591 2749 745 2846 hospitii
797 2747 937 2820 Eodem
963 2747 1073 2820 modo
1099 2747 1144 2818 ad
1169 2748 1379 2842 honorem,
1409 2769 1485 2822 non
1510 2748 1557 2820 ad
1581 2751 1713 2844 pullos,
1748 2751 1904 2844 respexit
1927 2755 2054 2845 poeta,
2090 2766 2175 2818 eum

489 2891 608 2988 paullo
634 2895 717 2957 ante
742 2882 863 2957 lovem
888 2883 1194 2956 commemoravit
1246 2880 1368 2976 laque
1393 2885 1502 2956 etiam
1527 2886 1690 2970 μετοίκων
1715 2884 1759 2958 de
1781 2885 1920 2958 Helena
1942 2885 2080 2956 dictum
2107 2887 2175 2969 est⁷

489 3031 530 3096 ut
556 3021 703 3094 omnino
728 3020 886 3114 ineptum
912 3019 959 3088 sit
983 3021 1098 3088 τῶνδε.
1150 3014 1282 3110 Scripsi
1307 3025 1374 3088 τῶν
1399 3023 1438 3092 δὲ
1457 3022 1635 3108 μετοίκων,
1669 3029 1709 3093 ut
1734 3021 1779 3094 ad
1804 3021 1932 3104 ὕπατος
1953 3017 1985 3092 d‘
2010 3016 2097 3088 dtur
2122 3019 2176 3088 in·

489 3158 706 3249 telligeretur
731 3153 881 3226 verbum
912 3153 1182 3226 substantivum.
1239 3151 1404 3227 Dubitari
1436 3165 1557 3229 autem
1589 3164 1724 3256 potest,
1759 3179 1803 3228 an
1829 3165 1913 3253 post
1941 3153 2087 3242 ὀξυβόαν
2114 3176 2176 3227 ex·

491 3293 616 3366 ciderit
646 3289 923 3380 hemistichium,
957 3288 1023 3360 hac
1054 3289 1246 3382 sententia,
1279 3293 1365 3382 μέγα
1389 3297 1568 3379 θυμοῦται,
1625 3291 1733 3386 quue
1759 3293 1988 3367 confirmatur
2012 3293 2175 3363 fortasse

492 3451 538 3501 eo
570 3425 667 3521 quod
697 3425 734 3496 in
765 3423 890 3496 codice
914 3421 962 3496 ll
991 3425 1190 3518 ceterisque
1221 3427 1374 3522 antiquis
1404 3428 1501 3500 libris
1533 3449 1661 3501 versus
1693 3431 1742 3500 ita
1774 3393 1929 3500 distincti
1959 3435 2059 3516 sunt,
2094 3427 2175 3518 γόον

493 3552 650 3642 όξυβόανΙ
661 3557 763 3622 τῶνδε
784 3551 946 3638 μετοίκων
962 3547 1237 3642 ὖστερόποινον.“

621 3678 670 3748 At
699 3679 854 3772 primum
884 3685 1021 3750 certum
1051 3687 1123 3764 est,
1158 3681 1252 3752 nullo
1283 3667 1389 3775 pacto
1415 3675 1498 3774 ἀΐων
1529 3705 1595 3776 prc
1626 3680 1708 3762 ἀΐει,
1744 3705 1835 3776 quae
1861 3681 2058 3755 Hermanni
2090 3703 2174 3752 sen·

492 3816 605 3888 tentia
630 3821 704 3898 est,
730 3812 849 3883 dicere
870 3811 1089 3906 Aeschylum
1116 3815 1293 3908 potuisse,
1317 3817 1353 3888 id
1376 3815 1471 3909 quod
1491 3820 1570 3913 ipse
1592 3816 1732 3888 videtur
1753 3819 1911 3890 sensisse
1933 3816 2174 3906 HermaunuS,

494 3951 545 4020 ita
568 3957 607 4020 ut
628 3946 889 4019 hemistichimn
913 3948 1089 4020 excidisse
1111 3949 1149 4020 in
1171 3971 1288 4044 eoque
1310 3955 1468 4046 positum
1492 3931 1641 4025 verbum
1664 3951 1800 4023 finitum
1817 3973 1899 4024 esse
1922 3951 2173 4045 suspicaretur.

495 4083 593 4178 Ergo
624 4084 693 4157 hoo
728 4081 871 4176 quidem
908 4082 1057 4154 dubitari
1078 4069 1231 4178 nequit,
1266 4087 1349 4180 quin
1379 4107 1489 4158 unum
1525 4089 1572 4158 sit
1605 4087 1709 4158 huius
1743 4089 1812 4160 looi
1843 4086 1994 4158 verbum
2024 4085 2174 4176 linitum,

495 4225 640 4311 πέμπει,
674 4219 730 4291 cul
765 4217 923 4290 additum
957 4218 1005 4288 sit
1038 4221 1279 4314 participium,
1314 4217 1411 4302 ἀΐων,
1446 4223 1618 4317 participii
1653 4243 1763 4295 sensu
1797 4223 1972 4316 positum,
2005 4223 2173 4314 nulloque

495 4363 603 4458 paeto
635 4356 694 4426 lida
725 4375 924 4449 pronomen
955 4375 1002 4426 ex
1035 4353 1103 4425 hoc
1136 4355 1217 4427 loco
1251 4355 1508 4431 exhrrbandum
1542 4358 1598 4430 sit.
1659 4356 1892 4430 Nihilominus
1929 4359 1998 4430 hoc
2031 4355 2174 4450 quidem

497 4494 729 4566 manifestum
754 4493 825 4578 est,
850 4490 988 4562 nomini
1012 4489 1190 4578 μετοίκων,
1216 4491 1253 4564 id
1277 4491 1375 4588 quod
1401 4499 1497 4566 recte
1524 4489 1611 4564 vidit
1637 4493 1882 4583 Hermannus,
1914 4512 1986 4568 non
2013 4493 2174 4586 potuisse

497 4627 640 4720 adiungi
669 4627 771 4698 ’τῶνδε
801 4647 1012 4722 pronomen.
1074 4625 1177 4702 Unde
1208 4629 1292 4722 quid
1326 4629 1457 4701 serdus
1492 4626 1656 4700 correludi
1687 4637 1823 4722 potest,
1856 4649 1964 4722 quam
1994 4627 2176 4700 lenissima

498 4766 696 4837 mutatione
721 4765 948 4838 scribendum
973 4785 1069 4838 esse:
1326 4755 1332 4776 ’

876 4887 879 4894 ⁴
1065 4891 1144 4984 γόον
1162 4889 1307 4979 ὀξυβόαν
1326 4890 1436 4964 τόνδε
1456 4893 1617 4980 μετοίκων

1065 5008 1304 5104 ὑστερόποινον
1325 5025 1385 5081 ete.
